3542 5350
192 326 271 381 1081
380 309 545 377 Lochmayr,
558 308 686 374 Werner,
700 308 794 374 (isoes,
809 308 934 375 Trotius,
947 311 1071 377 Moesch,
1082 310 1233 367 Bechoffen
1246 314 1299 369 etc.
1415 330 1501 387 1032

187 493 474 577 indulgentiarum),
491 514 514 555 s.
531 498 549 555 l.
560 497 674 567 elada
684 498 828 573 quoilug.
855 497 1094 557 mendicantibus
1101 498 1137 557 de
1144 497 1497 559 audiendiseonieesioni-

186 585 350 662 Triumpho
379 586 509 645 multum
532 586 637 645 utitur.
670 585 829 661 Scripsisse
857 586 912 644 hus
927 588 981 645 etc.
998 618 1042 630 -
1057 586 1209 645 Erhardus
1227 587 1345 647 Graes
1361 588 1393 647 0.
1411 588 1501 659 cart,

186 674 299 734 dicitnr
314 674 404 734 etiam
418 676 454 733 de
468 675 675 748 infallibilitate
685 674 829 733 Emleeice
855 674 908 749 qui
931 682 1056 734 exeunte
1080 676 1135 735 hoc
1162 692 1217 735 seo.
1240 676 1351 747 floruit,
1375 678 1498 753 reliquit

185 782 326 823 mesos
346 771 438 826 1480.
463 796 507 807 -
530 763 691 823 Michael
712 764 828 823 Loch·
855 763 1023 823 Doctrinole
1050 766 1105 837 fiir
1129 766 1176 823 die
1201 765 1310 843 loyen,
1333 767 1497 845 Augsburg

185 872 293 929 mayr
315 853 459 929 magister
474 853 593 922 artium,
618 852 827 913 baccalaureus
860 860 958 921 14853
979 852 1098 912 Cordial
1114 854 1185 913 oder
1201 855 1249 913 ein
1264 854 1348 914 Buch
1365 873 1423 915 von
1439 856 1501 915 den.

185 942 353 1019 theologiae
377 945 408 1001 et
427 943 506 1017 juris
530 941 712 1011 licentiatus,
729 942 828 1001 clarus
855 942 925 1000 vier
940 942 1049 1001 letuten
1065 943 1183 1019 Dingen
1199 962 1221 1001 s.
1237 944 1256 1003 l
1273 946 1302 1003 et
1319 965 1344 1004 5.

185 1030 825 1107 universitatisriennensisprofessor‚1474

185 1124 217 1179 et
236 1128 320 1184 1483
341 1120 432 1179 etiam
447 1124 553 1191 rector,
578 1120 648 1181 dein
670 1120 827 1179 canonieus
901 1129 974 1182 518.
991 1120 1078 1179 Haud
1094 1121 1181 1196 pauci
1203 1122 1236 1179 in
1251 1122 1337 1181 redas
1352 1124 1497 1201 lucraris

184 1209 391 1285 passaviensis,
408 1208 511 1269 doctor
524 1209 694 1287 theologiae
709 1212 742 1267 et
756 1226 826 1268 con·
854 1208 1035 1284 explicandis
1052 1210 1161 1269 versati
1177 1213 1290 1289 euntlj.
1306 1212 1496 1271 Albertus

185 1299 320 1358 eionator
334 1297 511 1358 cathedralis
527 1295 558 1378 (i
577 1294 685 1381 1491),
701 1296 827 1373 reliquit
855 1297 1018 1357 Truthus
1041 1298 1240 1369 Placentinus,
1259 1300 1338 1375 juris
1364 1301 1497 1361 canonici

179 1388 352 1462 parochiale
375 1393 556 1462 carrionem,
580 1387 696 1463 Lipsiae
724 1395 825 1455 14973
853 1385 1005 1445 Ferrarius
1026 1387 1183 1463 professor,
1209 1388 1352 1448 disseruit
1367 1389 1402 1447 dc
1416 1390 1497 1451 doris

188 1486 290 1547 14993
337 1476 495 1552 Hagenoac
547 1484 647 1546 1498;
694 1475 826 1535 Basileae
853 1477 1008 1551 55555055,
1027 1476 1080 1551 qui
1096 1478 1283 1543 tendisse
1301 1479 1406 1538 saltem
1421 1478 1496 1537 duo-

188 1576 288 1634 1500;
309 1576 393 1629 1514
409 1568 442 1624 et
456 1583 544 1641 saepe
560 1565 641 1625 alibi.
672 1564 826 1625 Dividitur
853 1563 950 1623 decies
972 1564 1093 1641 prodiit,
1117 1566 1160 1624 ita
1183 1586 1205 1625 s.
1228 1567 1246 1625 l.
1270 1570 1301 1625 et
1316 1588 1341 1625 5.
1359 1568 1496 1649 (Neapoli

184 1654 263 1714 illud
279 1654 312 1713 in
327 1658 365 1713 tr.
385 1665 440 1717 1οτ
470 1664 495 1714 1.
521 1654 558 1713 de
577 1656 647 1731 jure
662 1654 826 1731 parochiali
853 1670 878 1711 o.
898 1650 1012 1735 1476);
1035 1674 1056 1714 s.
1072 1655 1091 1713 l.
1113 1658 1144 1713 et
1159 1676 1184 1719 a.
1210 1655 1362 1736 (Lugduni
1381 1652 1495 1737 1476);

184 1743 258 1819 qnid
273 1743 316 1803 sit
330 1746 362 1802 et
375 1744 407 1801 in
429 1742 540 1817 quibas
562 1743 722 1820 consistat3
746 1752 773 1805 2.
790 1743 826 1801 de
853 1741 975 1801 Lovonii
997 1754 1079 1807 1485
1097 1748 1168 1814 etc.;
1191 1746 1225 1803 de
1249 1764 1314 1804 cero
1330 1754 1356 1804 et
1366 1748 1499 1821 perfeeto

183 1832 307 1892 decimis
315 1830 508 1909 etprimitiis;
526 1841 553 1896 3.
562 1832 599 1891 de
608 1830 825 1899 oblationibns3
853 1832 954 1889 clerico
969 1832 999 1891 ll.
1018 1842 1046 1897 2.
1073 1832 1223 1891 Ferraiise
1244 1842 1343 1905 14853
1374 1836 1495 1910 dejan-

184 1931 214 1985 4.
229 1922 267 1981 de
282 1920 491 1997 poenitentiis;
510 1921 584 1985 5.de
593 1922 693 1981 missis
702 1921 825 1980 audien·
854 1921 911 1989 nio,
922 1920 1134 1997 Norimbergae
1149 1932 1248 1993 1475;
1263 1925 1299 1981 de
1313 1926 1494 1983 scriniorum

183 2010 246 2081 dis;
264 2020 292 2073 6.
308 2010 347 2069 de
362 2010 526 2086 sepulturis
546 2013 577 2069 et
598 2010 739 2069 remediis
761 2010 824 2068 ani·
855 2011 1024 2087 uisitatione,
1048 2011 1198 2069 Ferrariae
1218 2022 1311 2075 1476.
1326 2046 1372 2057 -
1385 2012 1429 2073 De
1444 2014 1494 2071 lw-

182 2118 318 2170 555555
337 2109 363 2160 7.
379 2099 417 2158 de
431 2099 735 2175 canonicaportione;
751 2107 778 2162 8.
789 2098 826 2158 de
853 2100 897 2156 ris
926 2102 1072 2159 cononicis
1102 2100 1244 2183 disseruit
1268 2104 1299 2159 et
1322 2101 1342 2160 J
1351 2119 1496 2161 oannes

182 2188 389 2249 benedictione
411 2189 606 2260 nubentium
633 2198 661 2251 9.
677 2188 714 2247 de
736 2189 824 2248 colla·
853 2187 1004 2247 lloeeoh
1029 2187 1194 2265 theologiae
1218 2189 1364 2264 professor
1378 2194 1409 2249 et
1424 2208 1494 2249 con·

182 2278 265 2338 tione
281 2281 531 2338 sacramentorum
547 2282 578 2336 et
598 2289 644 2341 10.
655 2278 691 2336 de
700 2277 823 2336 reddit-i·
853 2277 987 2335 cionator
1003 2278 1178 2337 cathedralis
1194 2278 1335 2340 Besileae.
1353 2279 1490 2343 151403

182 2367 241 2427 bns
250 2367 500 2443 qualitercunque
509 2372 612 2427 curato
621 2367 824 2443 provenienti·
852 2366 885 2424 in
909 2376 944 2435 4;
969 2369 1122 2443 Augustae
1151 2375 1233 2429 1489
1259 2368 1290 2426 in
1317 2378 1346 2429 4.
1370 2374 1424 2427 etc.
1449 2401 1493 2413 -

182 2456 249 2515 bus.
279 2456 446 2515 Laoamm
475 2457 662 2515 555505ιί55
691 2456 824 2516 omnium
852 2455 1496 2537 GuilelmusadnudaiiOlfiBatavus

182 2544 380 2615 sacerdotum,
410 2547 566 2623 Augustae
602 2554 700 2614 14923
732 2544 770 2604 ad
799 2565 824 2605 a
853 2544 973 2620 scripsit
989 2550 1026 2603 tr.
1042 2546 1076 2603 de
1085 2546 1260 2619 expositione
1275 2548 1381 2605 missae
1397 2544 1494 2621 (juxta

186 2634 395 2700 1519551555
417 2633 588 2711 quindecies
611 2634 740 2705 editum
763 2654 823 2695 ser·
853 2652 972 2694 sensnm
988 2630 1170 2716 mysticum),
1196 2636 1493 2708 Darentriae14903

182 2743 280 2784 nwnes
295 2724 331 2784 de
348 2729 479 2801 tempore
495 2729 527 2783 et
542 2724 822 2802 deqnadragesime,
857 2734 957 2794 1496;
996 2724 1133 2802 Dilingae
1176 2734 1275 2796 1504;
1313 2726 1494 2802 antverpiae

120 2876 123 2882 ,
181 2814 821 2892 11555555515005555555555555055555-
856 2823 1075 2884 1486;1498;
1098 2816 1493 2884 1564555555555555515-

181 2906 229 2980 sse,
251 2921 274 2962 s.
291 2905 311 2967 l.
326 2905 358 2963 et
373 2923 397 2962 5
421 2898 549 2984 (Patavii
573 2921 597 2962 c.
618 2898 731 2982 1490);
762 2903 822 2962 Ha·
851 2903 957 2962 bronds'
972 2905 1101 2980 5555555,
1126 2903 1305 2964 Darentriae
1325 2915 1407 2968 1490
1425 2925 1492 2964 oum

180 3011 294 3070 genoae
313 3003 413 3063 14973
435 3003 517 3057 1500
534 2995 588 3051 etc.
604 2991 739 3051 Procticc
755 2993 821 3050 eler-
851 2991 995 3066 opusculo
1011 2992 1178 3052 Innocentii
1194 2991 1246 3052 III.
1263 2993 1297 3052 de
1312 2995 1407 3067 officio
1423 2995 1491 3052 mis-

178 3083 506 3156 mmeramme
521 3080 646 3152 Patavii,
664 3099 686 3140 s.
703 3101 744 3151 a3
770 3081 821 3140 Se·
849 3097 908 3138 sue.
926 3115 970 3124 -
985 3080 1151 3141 «Ioannis
1167 3082 1381 3141 Beohoffen
1399 3083 1495 3162 (quod

179 3178 260 3230 welo
274 3173 455 3230 mcerdotum
469 3190 545 3248 mag.
561 3171 685 3230 Henrici
700 3170 822 3230 dellas·
850 3175 896 3228 est
912 3170 1056 3247 oppidum
1072 3170 1195 3230 ditionis
1215 3171 1286 3230 olim
1302 3171 1491 3247 herbipolen·

179 3260 227 3320 sis
257 3255 304 3338 (cf.
329 3279 358 3337 p.
392 3258 478 3339 692),
509 3278 586 3336 quae
617 3259 675 3318 sibi
704 3260 822 3337 placent
850 3255 903 3338 eis)
922 3259 954 3318 0.
971 3260 998 3318 S.
1014 3261 1092 3336 Aug.
1107 3259 1221 3337 prodiit
1231 3261 1412 3337 quadruplex
1423 3263 1489 3318 555-

177 3349 227 3409 vel
241 3348 401 3425 displicent
415 3349 447 3408 in
463 3349 554 3408 missa
568 3352 623 3408 etc.
646 3351 777 3408 correcta
791 3352 822 3408 et
849 3349 923 3407 salis
960 3351 1110 3425 expositio,
1149 3349 1283 3418 literalis,
1322 3350 1489 3426 allegorica,

178 3439 212 3498 in
228 3438 305 3498 hanc
319 3438 444 3498 formam
458 3438 585 3508 redacta,
607 3439 693 3513 cujus
716 3437 820 3496 saltem
850 3436 1032 3516 tropologica
1055 3442 1085 3496 et
1107 3437 1267 3515 anagogica
1288 3439 1331 3498 sio
1345 3437 1489 3508 ordinate,

176 3527 224 3587 ed.
244 3537 283 3592 14
300 3529 371 3586 ante
395 3547 419 3586 a
438 3537 522 3591 1500
543 3523 760 3605 prodieruntl).
780 3561 818 3570 -
849 3531 885 3585 ut
909 3527 999 3586 etiam
1024 3526 1132 3602 populo
1161 3527 1297 3603 expediat
1327 3527 1489 3604 praedicari

177 3616 356 3676 Werneri
375 3615 413 3674 de
428 3616 655 3676 Onsshusen
670 3615 782 3692 prodiit
797 3634 819 3674 s.
848 3615 976 3692 publice,
1002 3617 1122 3674 555555
1153 3635 1200 3692 qq.
1232 3617 1390 3696 responsis
1413 3613 1488 3698 (ma-

176 3707 197 3765 l.
214 3701 818 3788 55055155551555155551555555
848 3705 926 3763 xime
956 3705 1118 3764 seeundum
1150 3705 1280 3765 ordinem
1309 3710 1488 3774 romanum),

175 3815 222 3873 qq.
238 3795 479 3870 meinijudicia
492 3793 713 3864 adsacerdotes,
728 3795 819 3853 envi-
847 3793 980 3854 Basileae
1007 3804 1088 3858 1500
1113 3795 1144 3852 in
1169 3806 1204 3864 4;
1232 3805 1325 3858 1505.
1342 3827 1383 3839 -
1400 3795 1490 3854 Liber

175 3883 464 3960 delicetperostium
476 3883 664 3955 intraverint,
679 3884 818 3943 canonica
841 3883 1140 3960 pontificalisprodiit
1149 3883 1322 3943 emendatus
1332 3884 1488 3962 diligentia

174 3973 316 4039 vixerim,
346 3973 492 4050 populum
515 3972 648 4050 legitime
678 3973 817 4032 rexerint.
845 3972 866 4029 J
872 3969 974 4032 s'cohi
991 3971 1027 4030 de
1043 3971 1172 4033 Lutiis
1187 3973 1318 4050 episcopi
1328 3974 1487 4050 cajacensie

175 4063 345 4138 Dejejunio
360 4063 817 4140 quadragesimalietoonsuetu·
847 4058 877 4137 (i
906 4062 1003 4141 1494)
1029 4066 1059 4120 et
1083 4063 1248 4122 Josnnis
1270 4063 1487 4122 Burohardi

174 4151 258 4222 dine,
275 4171 336 4227 qna
349 4152 540 4212 incertorum
549 4151 818 4228 principnmcnriis
847 4147 1001 4233 (Boroard)
1023 4150 1151 4210 doctoris
1174 4151 1367 4222 decretorum,
1391 4153 1487 4229 capel-

174 4244 208 4300 et
224 4241 354 4300 aliorum
362 4239 610 4318 patrumfamilias
618 4239 755 4299 domibus
762 4241 817 4300 tri-
846 4291 1004 4300 -..

174 4331 234 4433 bin
250 4329 357 4430 dim
377 4348 432 4406 per
455 4328 712 4432 quidmgfflimm
728 4329 819 4434 (ΜΨ
885 4380 904 4439 11
918 4373 958 4429 De
978 4375 995 4428 J
1003 4391 1122 4430 oanne
1142 4374 1309 4444 Heynlin
1325 4377 1386 4446 jam
1400 4391 1487 4447 supra

172 4419 222 4479 Μ
251 4419 385 4478 ⁰¹b⁰mm
417 4417 545 4478 ΝΜΟ·
586 4417 629 4476 D‘
665 4420 818 4478 “mmm
846 4446 1490 4516 p.1027egimns.AndreaaBossiusme-

171 4509 357 4570 snowdowne
387 4515 556 4568 curatorum
581 4525 650 4566 cum
672 4507 817 4567 fratribus
846 4517 1021 4572 diolanensis
1033 4519 1214 4589 praepositus
1227 4537 1248 4574 s.
1262 4519 1365 4600 'lagiae
1379 4520 1488 4574 usuale

846 4593 1047 4645 ambrosianum
1066 4591 1249 4646 emendatum
1268 4588 1395 4662 imprimi
1408 4605 1489 4644 cura-

847 4661 889 4714 vit
910 4661 1066 4716 Mediolani
1087 4665 1171 4724 148&
1206 4664 1237 4716 et
1257 4679 1278 4717 s.
1300 4660 1485 4716 Ambrosii

214 4740 234 4804 ¹)
247 4731 291 4790 Cf.
301 4735 335 4789 Δ.
348 4730 427 4786 Weis
439 4731 554 4803 allgem.
574 4732 710 4788 deutsche
723 4731 818 4802 Biogr.
845 4735 942 4787 libiam
953 4737 1125 4804 pastoralem,
1137 4734 1175 4790 ib.
1190 4739 1259 4791 1492
1273 4733 1303 4787 in
1316 4739 1342 4788 4.

172 4804 263 4869 XXV,
276 4807 338 4864 618„
883 4809 903 4855 21
917 4803 998 4858 ,llius
1018 4821 1035 4857 5
1053 4804 1160 4860 Jacobo
1177 4805 1212 4859 de
1226 4804 1327 4858 Gouda
1340 4802 1488 4872 Magdalio

212 4883 234 4947 5)
248 4875 289 4932 cp
301 4873 381 4930 wei.
393 4875 463 4946 aug.
475 4875 503 4932 d.
516 4873 613 4946 Biogr.
625 4875 700 4941 XIX,
713 4881 757 4932 el.
846 4875 910 4941 OP,
924 4875 958 4929 de
972 4891 1029 4943 quo
1044 4875 1128 4932 infra.
