3542 5350
165 280 227 333 733
508 262 632 315 lacobus
644 260 679 315 de
692 262 872 324 Ancharano,
885 261 1020 315 Urbanus
1036 261 1146 316 Bonon.
1370 321 1373 327 ,
1416 281 1477 334 434

162 450 275 508 clrert
306 449 339 506 P.
361 468 387 506 v.
412 446 490 517 silli,
521 448 631 525 partim
663 447 743 523 apud
772 447 809 505 dc
837 447 1055 518 celeberrimus,
1071 447 1276 524 philosophiae
1284 447 1387 508 doctor
1395 469 1479 526 prae·

162 537 293 596 Hardt
320 537 411 596 Plura
426 540 499 596 sunt
513 536 610 597 adhuc
623 536 745 606 inedita,
761 538 809 597 rel
837 536 942 606 clarus,
959 536 1079 614 ingenio
1090 537 1220 606 subtilis,
1230 537 1348 611 eloquio
1358 541 1478 614 apertus

161 628 256 686 dubia
271 628 321 686 vel
337 626 500 703 supposita.
532 625 625 685 Nulla
648 626 744 684 adhuc
759 645 808 684 ex·
836 629 867 684 et
883 625 1076 701 compositus.
1092 625 1165 701 Ejus
1181 627 1212 684 in
1228 627 1256 684 ll.
1272 630 1478 687 sententiarum

161 718 501 791 statomniumoperum
511 714 602 774 simul
618 714 807 776 collectorum
836 717 1061 774 commentarius
1091 714 1236 790 prodiisse
1275 714 1384 774 dicitur
1417 720 1478 778 Au·

161 806 264 876 editio,
290 806 344 864 sed
365 807 402 863 ut
417 823 451 864 ex
467 804 554 863 dictis
570 805 667 880 liquet
683 804 809 880 sparsim
835 807 942 880 gustas
957 803 991 866 V.
1004 813 1098 867 1472.
1114 804 1210 881 Magis
1226 803 1359 864 innotuit
1374 806 1478 868 1000-

161 896 359 971 reperiuutur
374 893 596 953 interGersenii
606 913 702 970 opera,
718 894 808 953 velin
835 895 937 952 solatio
947 900 1132 970 peccatoram
1153 912 1207 952 seu
1222 911 1375 969 processus
1392 895 1478 955 Luci·

161 1004 271 1061 magno
293 1001 339 1060 op.
355 983 392 1041 de
412 983 536 1041 Hardt
558 983 595 1041 de
610 1001 689 1044 cone.
706 985 807 1051 const,
836 981 890 1041 ieri
917 987 1020 1042 contra
1043 981 1071 1041 J.
1097 982 1248 1042 christum
1270 983 1361 1059 vulgo
1383 986 1479 1044 Belial

160 1075 211 1134 rel
226 1074 352 1133 seorsim
373 1071 559 1149 prodierunt,
583 1072 684 1148 aliqua
708 1090 807 1132 recen·
835 1070 1479 1149 dictus,inqnosecundnmomnemjnstitiae

159 1164 233 1222 tiori
255 1167 354 1221 aetate
375 1161 611 1220 'l'schackert
635 1161 807 1221 14440410-
835 1161 966 1237 rigorem
981 1180 1101 1220 censam
1124 1180 1176 1221 seu
1199 1179 1368 1237 processum
1391 1163 1478 1222 insti-

159 1258 265 1311 torum
287 1271 337 1327 pp.
353 1250 471 1310 selectis
491 1251 572 1326 operi
595 1268 650 1310 sno
673 1249 709 1309 de
725 1251 757 1313 P.
772 1249 809 1308 de
836 1249 898 1308 tuit
905 1249 1033 1310 Luciferi
1046 1251 1212 1310 accusantis
1225 1251 1383 1322 Christum,
1398 1253 1478 1328 quod

160 1342 278 1400 Alliaco
305 1339 475 1415 subjunctis
500 1340 532 1399 in
557 1339 652 1398 lucem
669 1340 807 1416 protulit,
837 1339 874 1397 ad
890 1338 1306 1416 inferosdescensujnssuum
1319 1342 1478 1416 possessio·

160 1432 244 1489 inter
259 1448 336 1506 quae
358 1433 406 1488 est
425 1430 548 1502 epistola
569 1429 729 1488 sarcaetica
742 1430 808 1487 dia·
836 1427 883 1486 nis
900 1447 952 1487 sau
976 1428 1101 1488 dominii
1122 1430 1257 1489 laeserit:
1283 1449 1344 1506 qua
1360 1447 1478 1491 accusa·

160 1522 220 1578 boli
242 1519 403 1578 1.ιυί04400
427 1518 464 1577 ad
487 1519 643 1577 universos
663 1519 809 1594 praelatos
836 1517 918 1577 tione
933 1520 1049 1593 prolate
1072 1519 1105 1576 in
1120 1519 1234 1594 duplici
1249 1519 1394 1580 instantia
1409 1539 1478 1580 con·

160 1609 317 1667 Ecclesiae.
837 1610 883 1665 tra
899 1606 1068 1667 Luciferum
1094 1608 1242 1667 sententia
1257 1607 1360 1670 fertur.
1391 1609 1479 1669 Liber

837 1695 972 1756 insulsus
994 1699 1116 1773 propter
1135 1698 1302 1774 argumenti
1319 1698 1478 1776 singulari·

210 1797 283 1849 369.
299 1785 517 1844 Praetermissis
534 1785 698 1844 Petrode
713 1785 808 1843 Non·
836 1786 929 1843 tatem
947 1804 1033 1862 saepe
1050 1785 1147 1846 editus
1163 1789 1208 1846 esi
1224 1787 1296 1846 stin
1306 1789 1402 1846 varias
1412 1807 1477 1847 ver·

157 1887 281 1953 gente
299 1874 480 1943 Normanno,
496 1874 635 1953 theologo
652 1873 808 1949 parisiensi
837 1891 889 1932 sus
905 1874 1032 1951 linguas.
1049 1875 1095 1934 lta
1110 1894 1152 1935 ex.
1168 1895 1212 1952 gr.
1222 1877 1400 1952 inscriptus:
1417 1877 1477 1936 Jac.

157 1963 201 2046 (0.
218 1985 244 2025 a.
266 1961 371 2043 1404),
389 1964 474 2038 cujus
491 1967 694 2022 memorantur
703 1962 736 2021 in
747 1982 806 2022 ma·
836 1962 873 2020 de
881 1962 1024 2023 Theramo
1040 1964 1247 2040 compendium
1257 1965 1400 2040 perbreve
1410 1984 1478 2025 con·

156 2054 295 2131 gistrum
310 2052 525 2111 sententiarum
542 2052 715 2127 quodlibeta
724 2054 808 2112 sche-
836 2052 943 2112 solatio
951 2058 1136 2127 peecatorum
1146 2057 1352 2130 nuncupatum
1362 2056 1392 2113 04
1398 2055 1477 2130 apud

156 2140 649 2218 lastica-Joannedehleigen
666 2143 808 2219 magistro
836 2141 998 2201 nonnullos
1014 2143 1110 2202 Belial
1125 2144 1296 2212 vocitatum,
1323 2143 1359 2201 ad
1376 2144 1406 2205 P.
1422 2144 1477 2202 Ur·

157 2237 193 2291 et
203 2230 510 2291 senioreinfacultate
522 2230 807 2302 artiumriennensi,
836 2229 947 2288 benum
964 2231 1010 2292 VI.
1027 2231 1236 2307 conscriptum,
1254 2231 1272 2293 i.
1288 2251 1312 2290 0.
1328 2251 1478 2308 processus

156 2316 806 2403 04401444440440441404004040(41402),
836 2318 969 2394 Inscism
979 2321 1120 2397 principis
1130 2319 1353 2380 daemoniorum
1363 2339 1477 2380 necnon

157 2412 251 2484 cujus
261 2410 430 2484 inanipulus
441 2410 665 2474 distinctionum,
676 2410 808 2469 Viennae
836 2407 930 2467 totius
954 2409 1110 2470 infernalis
1135 2409 1377 2487 congregationis,
1404 2429 1477 2486 quo·

161 2508 262 2568 1482,
287 2498 364 2557 torte
387 2501 434 2557 eet
450 2499 577 2574 primum
594 2500 808 2576 typographiae
835 2515 902 2556 rum
920 2505 1094 2573 procurator
1108 2499 1203 2558 Belial
1218 2503 1322 2558 contra
1336 2499 1363 2557 J.
1381 2501 1477 2558 Chris-

155 2587 334 2647 viennensis
356 2590 579 2646 monumentum
605 2621 648 2631 -
663 2587 683 2645 J
691 2606 807 2647 oanne
834 2588 901 2644 tum
919 2632 925 2644 .
943 2633 948 2645 .
966 2634 982 2658 .,
999 2591 1085 2666 cujus
1103 2592 1277 2664 procurator
1292 2588 1418 2666 Moyses,
1442 2589 1478 2648 de

156 2680 184 2737 Ο
195 2673 339 2759 440404)
355 2695 409 2736 004
423 2677 460 2736 (10
471 2679 681 2754 ltdnsterberg
694 2678 725 2735 in
741 2696 807 2737 aca-
836 2676 929 2751 spolio
944 2680 1120 2749 animarum,
1137 2679 1260 2753 quaein
1276 2680 1368 2738 limbo
1384 2682 1477 2750 erant,

155 2768 261 2827 demis
290 2766 430 2844 pragensi
459 2767 610 2843 magistro,
643 2768 752 2827 decano
777 2771 808 2826 et
835 2782 902 2823 cum
919 2765 1072 2827 descendit
1087 2767 1259 2838 edinferna,
1277 2768 1478 2844 coramjudice

156 2857 254 2917 etiam
269 2860 381 2915 rectore
398 2854 519 2935 (1398),
543 2856 686 2931 quicum
702 2857 807 2915 multis
836 2853 1003 2928 Salomone,
1035 2876 1057 2919 a.
1084 2858 1103 2919 l.
1126 2860 1157 2915 et
1186 2877 1227 2928 a;
1258 2858 1413 2935 Augustae
1444 2857 1476 2915 V.

155 2946 315 3023 magistris
339 2942 408 3025 (46)
433 2949 463 3003 04
487 2944 626 3020 plurimis
649 2944 807 3020 discipulis
838 2952 933 3005 1472.
950 2952 1003 3005 040.
1043 2947 1116 3022 Ejus
1138 2950 1176 3009 tr.
1201 2947 1408 3006 monarchialis
1424 2966 1478 3006 seu

156 3036 202 3095 eb
224 3038 305 3093 ortos
330 3032 499 3093 simultates
523 3033 654 3110 Lipsiam
675 3035 805 3103 transiit,
834 3030 870 3090 de
885 3036 1033 3107 pontificis
1057 3035 1173 3094 romani
1195 3036 1363 3095 monarchia
1385 3036 1476 3095 dialo-

155 3126 250 3199 cujus
273 3124 388 3200 primns
413 3123 473 3182 fuit
502 3126 598 3181 rector
620 3120 745 3205 (1409),
776 3127 807 3182 04
834 3139 890 3197 gus
905 3144 965 3184 non
987 3119 1136 3205 prodiit1).
1159 3158 1203 3169 -
1228 3124 1270 3183 ux
1295 3124 1476 3184 Ser-citarum

154 3212 410 3291 procancellarius
441 3217 472 3271 04
509 3212 631 3271 concilio
669 3213 807 3271 interfuit
834 3216 936 3276 ordine
950 3214 1085 3273 innotuit
1106 3214 1284 3272 Urbanus
1309 3213 1476 3272 Bononien-

155 3300 380 3363 constantiensi
402 3297 547 3381 (41416)
570 3333 614 3345 -
636 3302 807 3360 «14001440
834 3300 906 3385 siat)
928 3304 979 3375 ita,
996 3307 1032 3362 ut
1048 3303 1228 3362 salutaretur
1254 3302 1476 3379 ,philosophiae

154 3391 399 3451 Palladinns
424 3390 460 3449 de
483 3390 625 3449 'l'heramo
650 3392 711 3449 sire
734 3392 806 3450 Tra·
834 3401 973 3470 parens‘
1019 3391 1101 3453 Adeo
1137 3390 1306 3450 sectabatur
1340 3392 1476 3451 Averrois

155 3480 275 3551 nensis,
291 3480 380 3539 etim
397 3480 433 3537 de
448 3479 680 3538 Ancharano
697 3480 805 3552 dictus,
835 3482 988 3560 principia,
1005 3500 1082 3558 quae
1097 3484 1127 3540 et
1143 3499 1196 3557 pro
1207 3480 1347 3555 cathedre
1359 3480 1476 3557 publice

154 3592 188 3631 n.
215 3580 295 3633 1349
313 3568 430 3629 Patavii
448 3569 511 3644 juri
535 3587 653 3643 operam
670 3570 759 3640 dedit,
777 3574 807 3628 et
833 3572 1008 3650 exponebat,
1033 3574 1068 3629 ut
1090 3590 1142 3647 per
1166 3568 1370 3629 excellentiam
1386 3572 1476 3629 Aver-

153 3662 322 3738 postquam
331 3657 528 3717 archidiaconi
538 3659 673 3716 aversani
682 3678 806 3717 munere
835 3661 1096 3721 roistndicerctur:
1115 3658 1267 3718 nitebatur
1279 3662 1378 3717 tamen
1385 3659 1476 3735 hujus

154 3751 286 3809 functus
294 3752 350 3817 est,
361 3747 482 3806 Romam
492 3747 603 3806 accitus
613 3748 807 3807 secretarium
833 3749 1052 3827 philosophiam
1077 3749 1114 3806 ab
1141 3747 1293 3806 erroribus
1316 3746 1384 3806 fidei
1407 3766 1476 3808 con-

152 3837 228 3915 egit
242 3836 487 3912 poenitentiamae
512 3839 544 3894 et
559 3835 702 3897 brevium.
733 3836 807 3895 inde
833 3840 934 3899 trariis
949 3856 1114 3915 expurgare
1131 3832 1279 3917 (†1403).
1296 3836 1411 3896 Prodiit
1421 3838 1476 3895 Ur·

152 3929 259 3987 factus
297 3929 344 3983 est
380 3926 536 4001 episcopus
567 3924 806 4000 monopolitanus
835 3929 906 3988 bani
924 3928 1008 3987 labor
1029 3944 1100 3985 cura
1115 3927 1185 3988 Ant.
1201 3926 1342 3985 Alabanti
1365 3926 1477 3987 ordinis

159 4025 262 4084 1391,
277 4015 447 4075 tarentinus
467 4024 561 4085 1400,
578 4033 644 4074 mox
660 4024 738 4078 1401
753 4014 806 4073 flo·
835 4019 1018 4077 Sarritsrum
1043 4016 1152 4075 summi
1174 4015 1333 4092 praepositi
1357 4017 1409 4075 hac
1430 4017 1476 4075 in-

149 4104 309 4171 renuam,
334 4105 453 4163 demum
480 4114 563 4167 1410
590 4104 761 4179 spoletanus
776 4108 807 4163 et
836 4106 1013 4183 scriptione:
1043 4105 1178 4164 Urbanas
1193 4106 1363 4164 Acerroisia
1380 4106 1476 4182 philo·

148 4194 301 4256 domiuus
316 4193 447 4252 ditionis.
463 4194 489 4251 Δ
505 4193 633 4253 Mai-tino
648 4192 681 4250 V.
695 4193 806 4252 missus
834 4197 947 4272 sophus
957 4212 1092 4253 summus
1102 4193 1270 4253 esalmificc
1281 4212 1431 4255 serrorum
1448 4195 1475 4254 d.

148 4288 210 4345 est
224 4282 343 4359 legatus
367 4282 399 4340 in
414 4282 576 4351 Poloniam,
601 4301 661 4358 qua
676 4282 708 4341 in
724 4284 804 4359 lega·
833 4282 1476 4345 MariaeV.0rd.(lommentatorumomnium

147 4376 247 4433 tinne
254 4372 330 4431 obiit
336 4391 361 4428 s.
375 4381 466 4434 1417.
482 4371 565 4430 Juris
579 4372 734 4431 consultus
743 4375 807 4431 erat

200 4474 220 4538 Ι)
233 4470 276 4525 04.
287 4468 436 4524 Fabricius
451 4468 482 4531 V,
495 4475 653 4530 sss—227:
674 4471 808 4525 Petthast

147 4568 185 4619 p.
204 4546 305 4599 91344.
874 4549 891 4604 ¹)
906 4540 947 4597 04.
973 4540 1174 4597 Marchand
1201 4542 1273 4597 Dict.
1299 4542 1364 4597 hist.
1390 4559 1414 4595 a.
1441 4542 1475 4595 rle

196 4620 218 4683 ¹)
232 4612 274 4667 De
287 4613 350 4681 ejus
363 4611 474 4684 scriptis
488 4612 631 4684 (ineditis),
644 4614 719 4667 inter
733 4630 806 4681 quae
834 4614 969 4672 Ternmo;
984 4612 1136 4667 Strcber
1150 4612 1206 4668 Kb.
1220 4620 1258 4675 0“,
1274 4617 1350 4669 1170.

145 4694 187 4743 ct
211 4682 483 4740 commentariorum
504 4684 534 4738 iu
558 4683 635 4738 Petri
655 4683 805 4738 Lomberdi
871 4691 892 4747 ²)
906 4684 947 4738 04.
963 4683 1145 4737 Fontuzzi
1168 4684 1240 4749 Vlll,
1260 4689 1398 4743 sis—sib
1424 4682 1475 4735 'Pi-

145 4755 321 4815 sententias
334 4754 364 4809 ll.
376 4758 401 4819 4,
414 4755 449 4811 cf.
464 4754 719 4826 Schirumelpfenig
732 4758 764 4812 A.
779 4756 804 4809 d.
834 4754 1012 4809 raboschi
1034 4756 1067 4810 V.
1087 4756 1106 4811 l.
1126 4758 1178 4812 sc.
1192 4762 1208 4813 2
1222 4774 1250 4809 ιι.
1263 4760 1288 4813 3.
1314 4754 1473 4809 Secundum

143 4831 202 4887 Bi.
216 4826 319 4891 21er,
333 4830 395 4883 756.
834 4826 948 4895 aliquos
962 4831 1057 4881 tamen
1071 4826 1168 4881 floruit
1176 4828 1237 4895 jam
1252 4844 1276 4881 4.
1290 4831 1367 4882 1334.
