3542 5350
173 313 236 366 917
668 295 833 364 Alphousus
846 295 988 349 Testatus.
1419 316 1481 368 913

170 483 283 540 litatem
293 481 491 554 maliciorum
498 501 513 554 ;
527 487 629 541 contra
638 483 814 552 simoniam
888 491 960 543 474.
976 480 1281 540 Aliuseeleberrimus
1291 485 1412 559 exegete
1424 483 1482 540 tuit

170 570 813 645 contraoooritiom,contraambitioosm.-
841 569 1066 645 Alphonsus
1090 570 1287 638 Testatus,
1313 589 1347 628 ex
1371 570 1481 645 oppido

172 660 269 718 llulta
306 662 378 718 sunt
413 677 501 736 opera
538 659 740 736 liturgico,
778 663 815 718 ut
841 659 982 717 Castaliae
993 658 1304 736 lisdrigalorinndus.
1322 659 1481 718 Salmanti-

171 748 308 824 piisaima
323 751 462 824 aperio
477 750 582 806 miseco
589 769 603 820 ,·
625 747 763 826 dialogus
779 748 814 806 de
840 765 891 806 cae
908 747 1112 825 philosophiae
1133 751 1164 807 et
1179 747 1346 825 theologiae
1362 767 1480 822 operam

170 845 354 896 sacramento
370 839 497 910 altori&
519 839 555 895 de
578 856 600 896 s.
617 840 814 896 communione
841 835 933 906 dedit,
958 837 1069 913 quibua
1091 841 1192 896 tamen
1215 837 1352 914 adjunxit
1367 838 1481 896 utrius·

170 927 403 1003 frequentem,-
416 928 452 985 do
466 945 490 989 o.
506 934 686 986 sacramento
702 943 812 985 sermo-
840 944 899 1002 que
911 926 989 1000 juris
1016 927 1216 1002 prudentiam,
1242 927 1415 1004 linguarum
1431 927 1480 985 he-

169 1033 224 1074 nos
241 1033 307 1085 sen
330 1016 365 1072 dc
388 1022 557 1074 semerom
580 1023 606 1073 et
620 1017 812 1092 reliquiarum
840 1015 955 1074 braicos
965 1033 1146 1092 graecasque
1155 1015 1300 1085 notitiam,
1312 1014 1481 1074 liberalium

169 1106 371 1178 maulim
392 1101 429 1163 de
452 1105 535 1162 modo
549 1105 643 1163 &eote
653 1105 812 1179 psallendi,
839 1103 950 1162 artium
962 1103 1134 1164 doctrinam.
1151 1104 1481 1180 Capacissimumaiqui·

169 1193 266 1252 sexies
291 1192 403 1251 editum
429 1195 483 1251 etc.
506 1225 550 1237 -
573 1192 666 1262 Quam
683 1193 814 1270 plurima
839 1191 907 1251 dem
932 1193 1037 1252 habuit
1061 1193 1224 1271 ingenium,
1256 1193 1325 1252 hine
1349 1193 1481 1252 discendi

168 1287 243 1340 sunt
259 1283 435 1341 ascetica
459 1283 506 1341 vel
530 1283 664 1360 mystica,
681 1301 813 1341 summae
839 1281 944 1340 erdere
970 1283 1054 1342 brevi
1078 1287 1213 1357 tempore
1238 1282 1390 1360 ingentem
1422 1281 1480 1340 sibi

169 1371 313 1433 utilitatis
335 1371 481 1446 plenaque
505 1372 627 1430 monitis
652 1370 811 1430 admodum
840 1372 1023 1446 comparavit
1038 1373 1134 1431 omnis
1144 1371 1285 1430 scientiae
1295 1371 1479 1436 thesaurum,

168 1459 362 1530 salutaribus,
378 1460 814 1538 magnaenimpraedituserat
840 1465 876 1518 ut
891 1459 927 1518 de
952 1479 985 1519 eo
1010 1461 1173 1520 diceretur:
1206 1460 1283 1530 ,Hic
1307 1465 1412 1535 stupor
1435 1463 1480 1518 est

168 1549 338 1625 prudentia.
362 1548 516 1625 Ejusmodi
539 1555 611 1608 sunt
633 1553 812 1609 commenta·
840 1549 955 1619 mundi,
968 1550 1020 1626 qui
1028 1550 1130 1609 seihile
1145 1549 1271 1609 discutit
1281 1557 1396 1620 omne,‘
1416 1552 1446 1607 et
1463 1569 1479 1607 a

168 1639 313 1700 rinsinll.
327 1639 463 1716 Dionysii
472 1639 666 1717 Areopopitae
675 1639 813 1698 Coloniae
840 1637 990 1698 Scheebeu
1006 1659 1034 1698 n.
1056 1649 1138 1702 1070
1156 1641 1279 1698 vocetur
1295 1637 1479 1708 ‚eruditionis

174 1736 276 1795 1536;
296 1737 389 1794 1556,
407 1747 496 1804 quem
512 1747 581 1804 prae
596 1727 702 1787 ceteris
718 1728 812 1803 patri·
839 1727 942 1803 gigae‘.
974 1726 1139 1806 Magisterii
1161 1728 1273 1804 pileum
1290 1749 1314 1785 a.
1331 1731 1420 1786 nutus
1439 1735 1477 1790 25

169 1817 227 1876 bns
252 1816 381 1880 amabat
412 1816 574 1887 lectitabat,
600 1814 810 1897 exponebat¹);
839 1816 898 1874 eibi
924 1815 1088 1893 promeruit
1112 1820 1143 1874 et
1165 1835 1198 1875 sx
1223 1816 1362 1876 cathedra
1378 1835 1478 1874 ornnes

168 1905 348 1981 aposdioll.
355 1905 401 1964 Jo.
411 1905 531 1964 Climaci
539 1903 688 1987 (Coloniae
702 1902 810 1987 1540);
839 1903 900 1963 fere
916 1905 1053 1966 scientias
1068 1905 1130 1964 sive
1146 1907 1226 1964 artes
1237 1905 1356 1981 publico
1373 1906 1478 1964 salario

169 1996 205 2052 de
225 1995 312 2052 mis
327 1994 458 2070 Spiritus
480 2013 504 2053 s.
526 1996 555 2053 ll.
580 1997 600 2053 4
610 2018 627 2070 ,·
646 2013 763 2054 summa
777 1997 812 2054 dc
838 1992 968 2053 donatus
986 1993 1318 2070 magnodiseipulorum
1335 2011 1479 2053 concursu

169 2085 247 2142 vitiis
261 2091 288 2141 ct
303 2083 455 2142 vinalibus
460 2105 474 2157 ,·
488 2085 523 2142 de
536 2081 682 2162 pronitate
691 2092 717 2143 ct
727 2103 810 2142 enor-
838 2081 948 2141 docuit.
965 2082 1010 2142 Ob
1025 2083 1081 2141 viri
1097 2083 1204 2142 famam
1221 2083 1375 2159 Eugenius
1386 2081 1434 2140 IV.
1451 2083 1477 2140 ei

169 2174 268 2230 mitote
279 2174 399 2248 peccati,
415 2171 572 2232 duodecies
587 2173 717 2244 editum
745 2192 809 2250 spe·
838 2172 1042 2230 canonicatum
1060 2177 1090 2230 et
1106 2171 1308 2231 scholastriam
1324 2171 1478 2230 salmanti-

168 2261 271 2320 eulum
294 2263 329 2320 do
349 2264 529 2321 conversione
548 2270 739 2339 peecatorem,
764 2280 809 2321 ee·
837 2259 1477 2337 censiseeclesiae.penesquamdignitatern

168 2350 266 2410 decies
289 2349 419 2420 editum
442 2352 477 2409 de
500 2359 583 2411 croto
599 2355 646 2410 oia
662 2352 765 2410 salmis
779 2354 810 2409 et
833 2349 885 2424 jus
914 2353 960 2408 est
991 2367 1078 2408 omne
1110 2349 1317 2418 academicum,
1343 2348 1476 2408 contulit.
1563 2421 1565 2426 Ι

168 2442 344 2515 contemptu
373 2440 486 2509 muudi,
518 2439 647 2500 sedecies
678 2441 808 2510 editum;
837 2438 991 2514 Temporis
1008 2439 1096 2514 lapsu
1111 2439 1142 2496 iu
1159 2438 1273 2498 ltaliam
1290 2438 1476 2513 renitetque

167 2530 323 2604 spatiolum
352 2536 518 2588 amatorum
543 2531 654 2606 ruendi,
682 2529 810 2589 sedecies
837 2526 931 2596 Senis,
958 2527 1011 2586 ubi
1035 2531 1100 2586 tum
1133 2527 1265 2604 pontifex
1292 2527 1475 2591 versabatur,

166 2619 297 2687 editum
313 2619 573 2692 &mortificatione
583 2621 704 2695 vivifico,
714 2619 808 2679 series
836 2618 936 2677 theses
954 2612 1022 2698 (21)
1039 2616 1232 2693 disputandos
1249 2615 1414 2693 proposuit,
1431 2616 1477 2675 in·

167 2708 300 2777 editum
316 2708 350 2765 de
365 2710 443 2783 scoto
457 2709 532 2767 lacis
547 2709 703 2768 acaemitis
720 2709 807 2778 vites,
834 2710 970 2782 torques
993 2710 1024 2765 st
1044 2708 1112 2766 has:
1148 2707 1202 2775 ,ln
1217 2706 1302 2765 nullo
1328 2727 1352 2766 a.
1371 2706 1477 2767 aetatis

166 2797 309 2856 andedos
324 2796 456 2867 editnm;
480 2799 516 2855 dc
531 2799 702 2857 discretione
715 2800 806 2873 spiri·
836 2794 947 2855 Christi
958 2814 1026 2855 enm
1037 2800 1191 2855 mortamm
1202 2796 1477 2873 dicerepossumue,

165 2894 247 2945 mm
253 2907 267 2960 ,·
285 2885 420 2945 Cordiotc
436 2887 498 2945 sive
507 2887 716 2962 praecordiale,
733 2887 807 2945 duo·
834 2884 892 2943 nisi
917 2884 1036 2961 quando
1067 2886 1228 2962 incoeperit
1258 2885 1403 2962 temporis
1429 2884 1476 2943 sui

165 2976 263 3035 demes
288 2974 420 3045 editum3
446 2976 480 3033 de
504 2976 634 3035 madia
657 2978 754 3035 cordis
777 2980 809 3034 et
834 2993 859 3032 a
877 2982 927 3037 33.
944 3008 989 3021 -—
1005 2973 1090 3043 Quod
1113 2975 1161 3033 die
1185 2974 1426 3035 annunciationis
1444 2971 1476 3029 V.

165 3064 302 3140 proiectu
318 3064 480 3140 spirituali,
503 3066 597 3124 sexies
613 3064 743 3135 editum;
769 3068 806 3123 tr.
834 3062 896 3122 scil.
914 3074 964 3126 25.
981 3064 1089 3135 Martii,
1107 3068 1142 3123 ut
1157 3062 1353 3123 communiter
1369 3061 1476 3120 asseri·

164 3156 199 3212 de
218 3156 359 3229 possiem
384 3152 517 3227 Christi5
541 3154 808 3227 inflammator-ium
835 3158 895 3221 tur,
913 3154 1063 3213 Christum
1087 3170 1207 3229 passum
1232 3152 1325 3211 tuisse
1342 3152 1399 3211 diei
1416 3168 1476 3209 non

163 3243 261 3301 divini
276 3242 399 3311 amoris;
421 3243 635 3303 instructiones
657 3245 691 3302 dc
705 3245 767 3301 cita
782 3248 808 3302 et
834 3245 943 3317 potest,
967 3243 1018 3301 sed
1034 3242 1083 3300 die
1100 3250 1127 3305 5.
1144 3243 1213 3317 Apr.
1240 3260 1307 3300 cum
1324 3244 1476 3298 mortuum

163 3332 305 3410 regimine
325 3350 380 3407 pro
400 3331 481 3390 omni
497 3350 690 3409 personarum
707 3332 807 3392 condi·
834 3330 928 3388 fuisse
939 3330 1186 3391 dicineeesseest.
1203 3364 1245 3375 --
1262 3330 1342 3389 Licet
1357 3329 1475 3387 nullum

163 3423 256 3489 tione,
267 3420 448 3496 praesulum,
458 3421 670 3497 praelatorum,
687 3422 807 3481 canoni·
835 3426 990 3495 peccatum
1015 3421 1219 3496 enjusounque
1244 3417 1421 3477 conditionis
1446 3420 1476 3474 et

162 3512 475 3581 commentatorum,
497 3510 673 3587 principum,
694 3511 806 3569 milita·
834 3527 889 3585 pro
905 3527 1083 3585 quocunque
1109 3514 1190 3568 statu
1207 3506 1410 3567 irremissibile
1425 3504 1473 3565 sit.

162 3601 253 3664 rium
271 3602 478 3669 mercatorum,
504 3598 691 3669 scholarium,
716 3600 807 3677 virgi·
835 3616 964 3673 apoena
979 3602 1079 3657 tamen
1103 3602 1157 3656 aut
1179 3618 1196 3656 a
1216 3597 1304 3671 eulpa
1321 3597 1399 3655 Deus
1415 3612 1474 3654 uon

163 3708 247 3758 num,
280 3688 517 3765 conjugatorum,
555 3688 713 3748 viduarum
752 3694 807 3747 eta.
835 3687 973 3756 absolvit,
990 3706 1045 3745 nee
1061 3687 1169 3762 aliquis
1186 3685 1338 3743 absolvere
1354 3690 1470 3759 potest‘

164 3774 216 3859 (m.
236 3773 324 3857 100),
340 3777 450 3853 quibus
467 3778 593 3846 ,miram
608 3797 740 3838 asceseos
756 3798 807 3855 pe·
835 3779 889 3835 etc.
916 3775 996 3844 Quae
1022 3794 1087 3835 mox
1114 3795 1131 3833 a
1155 3774 1303 3850 theologis
1320 3772 1475 3831 damnatae

162 3866 287 3925 ritiam‘
317 3866 425 3942 prodit,
456 3885 548 3942 quarn
577 3868 609 3926 in
639 3886 674 3927 eo
705 3868 809 3927 laudat
834 3865 919 3924 fuere
935 3865 1059 3940 ipseque
1075 3865 1112 3923 de
1128 3863 1240 3923 haeresi
1260 3862 1339 3938 apud
1354 3862 1474 3938 pontifi·

162 3956 235 4014 heo
250 3953 330 4017 1111.
355 3974 399 4031 ep.
416 3955 464 4013 cit
482 3956 648 4033 insigniore
662 3957 805 4033 quaedam
834 3973 897 4013 cem
913 3954 1100 4029 postulatus:
1127 3954 1196 4013 hino
1213 3952 1356 4029 prolixam
1374 3951 1475 4027 apolo-

162 4045 290 4104 collecta
304 4043 481 4120 prodierunt
495 4044 630 4104 eolonim
645 4056 727 4108 1559
744 4044 805 4105 inf.
834 4044 914 4121 giam
939 4044 1043 4113 texuit,
1070 4064 1129 4120 qua
1145 4060 1265 4102 sensum
1290 4060 1308 4100 a
1330 4059 1359 4101 se
1375 4041 1474 4101 inten-

163 4130 330 4214 (m100);
355 4136 467 4209 septem
485 4133 606 4192 heronii
626 4144 710 4198 1575
728 4135 760 4193 in
778 4144 805 4198 8.
834 4142 900 4191 tum
925 4133 1054 4208 exponit,
1080 4138 1169 4208 atque
1195 4131 1321 4208 supplici
1348 4130 1474 4190 formula

162 4223 246 4293 Quae
272 4222 309 4279 od
333 4220 549 4300 paedagogium
579 4227 715 4299 spectant
739 4242 806 4301 ger·
833 4225 968 4297 porrecta
990 4222 1124 4298 pontifici
1150 4222 1349 4299 suspicionem
1372 4220 1474 4278 haere-

160 4311 279 4371 manice
294 4312 804 4390 versaprodieruntFriburgiltod
834 4328 898 4370 seos
930 4329 1047 4369 omnem
1081 4308 1243 4393 detersit1).
1285 4310 1411 4369 Rediens
1442 4308 1474 4365 in

160 4405 194 4461 in
234 4400 406 4460 Bibliothek
436 4399 488 4459 der
519 4402 598 4461 heth.
634 4402 805 4479 Ptdagogilr

158 4498 181 4551 i·
198 4490 261 4549 XV·
874 4504 891 4568 ¹)
906 4499 947 4554 Cf.
962 4516 1024 4553 eam
1038 4500 1116 4570 apud
1130 4499 1310 4569 lteyualdum
1326 4498 1395 4552 ada.
1406 4502 1474 4553 rats

834 4591 860 4627 n.
874 4577 918 4635 24,
932 4570 1054 4639 quirem
1068 4575 1177 4641 gestam
1198 4574 1319 4625 enarret.
1347 4569 1473 4636 Reliquit

832 4646 929 4697 autem
943 4644 985 4698 Jo.
999 4659 1016 4694 a
1030 4642 1243 4697 Turrecremuto
1257 4645 1290 4695 tr.
1311 4640 1473 4696 (ineditumi

202 4720 222 4789 ¹)
235 4714 278 4771 Ct.
301 4714 458 4786 Stiglmeyr
478 4714 736 4786 Neuplatouischcs
757 4716 804 4769 bei
832 4716 932 4770 contra
946 4715 997 4767 hes
1010 4715 1235 4784 propositiones:
1250 4712 1300 4781 qui
1309 4712 1473 4767 refertdues

153 4789 282 4856 Dionys.
294 4786 358 4839 dem
372 4786 406 4842 ll.
414 4788 445 4840 in
453 4787 518 4842 hist.
525 4788 622 4841 Jahrb.
634 4788 695 4840 Xlll
704 4792 804 4859 (1899),
832 4803 914 4855 prop.
929 4786 963 4839 de
977 4784 1079 4839 Christi
1096 4787 1194 4839 mortis
1208 4785 1253 4839 die
1266 4789 1298 4838 ut
1311 4784 1473 4838 temerarias

151 4860 314 4920 367-388.
832 4863 861 4910 et
873 4856 1062 4913 scandolosas.
1077 4857 1191 4911 tertiam
1206 4858 1248 4911 uti
1270 4857 1381 4922 falsam,
1401 4872 1473 4908 erro-

155 4631 324 4643 .....-—
