3542 5350
331 301 412 355 1291
709 287 894 342 1521-1540.
908 282 936 345 S.
948 283 1102 354 Scriptura.
1117 283 1260 341 Erasmus.
1554 303 1631 357 1292

327 471 397 528 tura
421 475 452 529 et
475 471 625 531 doetrinae
649 477 784 530 veterum
806 470 966 547 gentilium
993 470 1636 547 insuodetestabili,llos-ia‘,seuinl.qucd

327 558 521 621 admiratione
529 561 699 622 methodum
709 563 740 619 et
749 560 966 618 accurationem
994 554 1025 643 (a
1040 559 1193 620 Sorbonna
1216 578 1335 636 quoque
1363 571 1447 625 1543
1463 559 1633 640 reprobato)

327 647 476 708 fastidisse
492 651 695 709 scholasticam
713 649 867 725 ipsamque
883 648 966 708 scho-
994 648 1150 726 inscripsit
1164 649 1248 708 Laus
1262 651 1408 708 Milies.
1438 649 1474 708 In
1490 669 1525 709 ec
1542 650 1635 710 detec-

327 737 499 798 lasticorum
530 739 715 815 sapientiam.
746 737 882 798 cavitate
913 757 967 797 sua
994 742 1044 797 tns
1060 736 1156 798 omnis
1172 737 1361 804 conditionis.
1385 739 1558 808 vanitatem,
1575 759 1636 799 eor-

327 826 444 888 diaendi
459 834 491 886 et
505 828 652 888 scribendi
679 823 788 910 (neque
803 827 881 886 enim
898 846 966 902 pro·
993 827 1166 903 ruptionem
1175 831 1229 887 etc.
1245 828 1348 887 acerbe
1363 832 1395 887 at
1409 828 1522 888 ironice
1537 848 1636 906 repre·

327 915 437 974 handus
446 923 509 975 erat
518 914 687 999 theologus)
699 918 775 976 circa
791 917 878 992 plura
893 917 965 993 dog·
994 916 1106 976 hendit
1121 915 1205 975 Inter
1219 935 1329 992 paucos
1344 935 1462 976 manses
1478 917 1593 994 septies
1607 925 1638 977 et

326 1009 407 1064 mata
422 1004 490 1065 fidei
499 1011 530 1065 et
539 1007 726 1083 disciplinam
737 1005 967 1065 ecclesiasticam
993 1004 1100 1065 deinde
1115 1005 1281 1066 innumeris
1296 1006 1412 1066 vicibus
1421 1006 1535 1082 prodiit
1544 1011 1577 1066 et
1591 1008 1636 1067 vel

326 1094 469 1166 increato,
493 1095 590 1167 dubie,
614 1097 703 1155 etiam
726 1113 847 1154 erronee
870 1113 901 1154 se
917 1113 966 1152 ex·
993 1095 1086 1154 Leoni
1107 1094 1141 1154 X.
1164 1095 1274 1154 arrisit.
1305 1095 1362 1154 Sed
1386 1099 1550 1172 postquam
1566 1097 1636 1155 Ger·

326 1179 513 1266 primebat¹)‚
530 1185 637 1245 utsuis
653 1185 782 1259 scriptis,
792 1182 967 1260 praesertim
994 1184 1084 1245 ardus
1100 1184 1230 1243 Listrius
1254 1203 1291 1243 ex
1307 1184 1507 1261 inspiratione
1523 1185 1638 1244 Erasmi

326 1271 363 1331 ob
380 1291 464 1332 suam
479 1275 697 1344 auctoritatem,
722 1272 966 1333 innovationibus
994 1273 1071 1331 illud
1079 1273 1288 1333 commentario
1304 1274 1468 1333 illustravit
1477 1277 1637 1350 totumque

327 1362 556 1437 protestantium
564 1363 703 1422 straverit
712 1363 787 1422 viam
797 1382 803 1420 :
814 1362 882 1420 hinc
889 1360 967 1420 illud
995 1362 1078 1421 virus
1093 1363 1189 1422 latens
1204 1363 1331 1440 aperuit,
1346 1382 1469 1440 gravem
1484 1363 1637 1422 meritam·

326 1451 480 1528 adagium:
502 1452 663 1520 ,Erasmus
685 1452 794 1520 innuit,
817 1451 966 1510 Lnthcrus
993 1469 1052 1526 que
1067 1450 1195 1510 incurrit
1210 1470 1382 1522 censuram
1403 1451 1541 1528 theologi
1557 1453 1637 1512 lora·

326 1539 432 1611 irruit3
463 1541 603 1600 Erasmus
626 1541 704 1618 parit
728 1560 792 1610 ova,
816 1540 966 1599 liutherus
993 1540 1112 1599 nienses
1142 1539 1219 1600 illud
1250 1542 1314 1600 viro
1336 1541 1454 1600 erudito
1475 1540 1636 1619 indignum

326 1630 459 1688 excludit
473 1631 587 1706 pullos:
605 1631 743 1690 Erasmus
760 1629 889 1699 dubitat,
905 1628 965 1687 Lu·
989 1629 1164 1706 judicarunt
1180 1626 1302 1712 (1515).
1312 1630 1546 1689 Sorbonnarero
1556 1631 1636 1689 dam·

325 1717 430 1778 therua
454 1722 610 1778 asseverat.
635 1719 775 1779 Erasmus
797 1718 965 1788 lutherizat,
994 1718 1078 1778 navit
1092 1722 1183 1794 atque
1198 1719 1236 1778 ab
1245 1719 1423 1780 auctoritate
1438 1719 1639 1779 ecclesiastica

325 1807 474 1866 botherus
504 1809 685 1872 erasmizat.‘
724 1809 829 1884 Neque
859 1808 965 1866 desunt
994 1807 1025 1866 in
1041 1808 1072 1867 11.
1088 1807 1307 1883 prohibitorum
1328 1807 1457 1868 indicem
1483 1807 1546 1867 fuit
1562 1809 1637 1868 rela-

326 1896 378 1973 qau'
395 1916 463 1956 eum
480 1915 610 1957 scurram
626 1898 660 1956 in
675 1898 763 1956 rebus
774 1897 822 1954 vel
838 1897 964 1956 sanctis·
993 1901 1068 1959 tum.
1078 1896 1193 1966 Quibus
1204 1897 1439 1958 accusationibus
1449 1896 1554 1972 plures
1564 1899 1637 1957 aliae

326 1985 409 2046 simis
424 1986 531 2045 dicant.
550 1987 655 2056 ,Certe
668 1988 774 2064 inejus
790 1985 821 2048 ll.
832 1986 966 2045 haereses
993 1985 1062 2045 addi
1076 1990 1214 2061 possent:
1238 1990 1352 2046 namet
1374 1990 1531 2063 paccatum
1547 1987 1636 2065 origi-

325 2076 490 2151 permultae
507 2070 861 2156 suntfereaxplorctaet).
878 2075 965 2134 Aris·
992 2075 1061 2135 nale
1092 2077 1122 2134 et
1151 2077 1257 2136 missae
1288 2075 1473 2143 sacrificium,
1504 2076 1637 2136 divinam

325 2164 456 2222 nismum
471 2165 671 2224 Bellarminus
688 2169 718 2224 et
728 2165 908 2225 Possevinus
918 2164 964 2223 in-
992 2165 1138 2241 primatus
1154 2169 1185 2224 et
1199 2165 1392 2226 confessionis
1402 2165 1636 2234 institutionem,

324 2257 471 2312 venerunt
481 2255 514 2312 in
523 2255 618 2330 ipsius
627 2253 895 2323 lucubrationibus,
906 2253 963 2312 Va·
992 2254 1176 2312 matrimonii
1200 2254 1496 2314 indissolubilitatem
1522 2253 1557 2312 in
1582 2256 1634 2314 du·

325 2343 418 2402 lentio
433 2343 523 2402 etiam
533 2342 962 2404 Macedonianismumdetexit.
991 2342 1075 2402 bium
1101 2347 1234 2413 revocat3
1266 2343 1446 2404 coelibatum
1470 2347 1503 2401 et
1520 2344 1637 2421 jejunia

324 2431 461 2491 Vorstius
478 2432 672 2509 deprehendit
678 2432 879 2491 dubitationes
888 2432 965 2490 circa
992 2432 1170 2501 contemnit;
1185 2451 1324 2493 romanos
1334 2432 1487 2509 pontifices
1499 2433 1636 2513 aggredi·

323 2521 417 2596 ipsam
435 2522 487 2580 Dei
504 2523 743 2582 immensitatem.
770 2521 903 2581 Oanisius
918 2521 964 2580 in·
992 2523 1053 2590 tur,
1078 2520 1178 2597 ipsum
1204 2522 1296 2581 robur
1319 2521 1388 2580 fidei
1412 2526 1444 2580 et
1458 2521 1635 2600 disciplinae

323 2609 492 2669 tolerabiles
523 2611 754 2689 petulantissimi
778 2609 893 2689 ingenii
923 2610 962 2669 ir·
993 2610 1170 2670 christianae
1196 2611 1311 2670 arrodit
1332 2610 1582 2670 indifferentismo
1607 2624 1635 2670 et

324 2700 503 2759 reverentias
542 2701 665 2763 offendit
703 2702 735 2759 in
772 2700 964 2761 describendo
992 2701 1188 2760 naturalismo
1203 2702 1284 2760 ‘viam
1295 2704 1439 2771 sternens,
1456 2705 1575 2759 statum
1590 2722 1632 2760 re·

325 2788 432 2849 Christi
470 2796 614 2865 conceptu
645 2794 676 2849 et
705 2789 838 2866 Virginis
864 2795 962 2865 partu.
992 2790 1134 2867 ligiosum
1165 2790 1305 2866 deprimit
1341 2795 1372 2850 et
1409 2786 1549 2869 irridet1)
1581 2799 1632 2849 etc

324 2876 499 2937 Catharinus
530 2878 625 2939 doluit
647 2880 776 2939 hominis
801 2878 899 2937 insani
922 2880 964 2937 ri·
992 2878 1082 2938 Initio
1098 2878 1218 2955 quidem
1233 2879 1631 2947 Lutherumexcnssritsed

324 2986 399 3035 sum,
415 2968 468 3042 qui
483 2968 677 3027 christianum
693 2968 729 3027 de
745 2968 854 3028 Christi
869 2972 964 3027 morte
992 2962 1512 3051 videnstristedsequslasexhorruit,
1518 2968 1633 3045 pedem·

323 3056 438 3114 luctum
462 3057 493 3115 in
509 3058 669 3117 Parasceve
691 3059 728 3117 ab
743 3058 872 3116 Ecclesia
888 3058 958 3117 cele·
992 3076 1050 3132 que
1065 3057 1150 3116 nisus
1166 3061 1214 3117 est
1229 3058 1379 3117 retrahere
1388 3057 1630 3133 hucusqueten-

322 3145 402 3203 brari
425 3146 548 3205 solitum
570 3148 708 3215 ‚luctum
723 3145 890 3206 Adonidis‘
911 3165 963 3205 vo·
991 3149 1096 3205 terunt
1119 3146 1293 3207 defectionis
1319 3147 1476 3223 coryphaei
1501 3167 1571 3206 eum
1594 3145 1629 3205 ad

322 3234 408 3293 cavit.
425 3236 538 3295 Alanus
555 3237 652 3311 (lopus
674 3236 905 3311 abjectissimam
927 3236 964 3294 de
992 3254 1061 3295 suas
1092 3236 1211 3295 allicere
1232 3240 1341 3311 partes,
1364 3237 1629 3296 controversiarum

323 3342 344 3383 a.
361 3323 494 3399 reliquiis
519 3325 687 3401 opinionem
711 3324 818 3385 multis
842 3324 875 3383 in
891 3325 964 3384 locis
992 3327 1091 3383 tamen
1106 3325 1228 3385 fastidio
1242 3329 1344 3401 aperte
1360 3324 1403 3383 illi
1418 3344 1450 3384 se
1465 3344 1528 3385 non
1542 3343 1627 3401 oppo-

321 3413 441 3490 reperit.
479 3415 613 3473 Molanus
645 3414 721 3473 circa
750 3414 895 3490 imagines
926 3432 963 3473 ss.
992 3408 1094 3493 auid).
1126 3414 1250 3473 Densum
1280 3415 1317 3473 ad
1343 3432 1414 3473 suae
1443 3414 1628 3475 orthodoxiae

323 3502 422 3560 Severi
438 3503 633 3563 iconoclastae
658 3502 854 3579 blasphemias
871 3502 960 3561 corri-
993 3520 1153 3527 ·--

322 3592 397 3667 puit.
414 3590 523 3651 Omnes
540 3592 668 3668 denique
683 3592 961 3667 spurciloquiaubi·
991 3566 1625 3708 {ffltgtfepcafissifflffiffiZefffiffi

322 3699 380 3755 que
395 3681 432 3738 ab
448 3682 568 3741 Erasmo
577 3682 709 3741 ubertim
724 3700 825 3757 sparsa
840 3680 962 3740 invene·
991 3708 1097 3762 facum
1117 3706 1153 3761 de
1171 3708 1269 3763 Thgop
1288 3708 1324 3763 de
1342 3708 1430 3773 pm,
1450 3725 1560 3779 mque
1571 3725 1625 3761 mo.

323 3772 403 3839 mnt,
420 3771 577 3846 praecipue
600 3790 669 3830 vero
692 3771 724 3829 in
740 3765 915 3851 colloquiis³)
933 3776 963 3828 et
991 3781 1077 3835 deme
1091 3780 1134 3834 11.
1147 3786 1163 3837 2
1177 3798 1200 3833 e.
1213 3786 1229 3836 2
1242 3789 1256 3845 a
1269 3785 1300 3836 7:
1327 3780 1432 3835 Fleurii
1453 3780 1488 3834 Η,
1503 3782 1533 3835 Ε.
1545 3780 1563 3833 l.
1575 3784 1626 3835 1210

325 3874 482 3883 --
990 3856 1051 3918 586
1065 3870 1108 3917 sa,
1122 3851 1289 3921 praesertim
1303 3851 1625 3918 verol131523sare-

362 3926 380 3993 1)
394 3922 625 3977 lensech-Pastor
637 3922 724 3985 vlle,
735 3927 787 3979 482
799 3945 804 3976 :
818 3922 874 3977 Das
886 3924 963 3978 Ideal
991 3923 1081 3992 peries
1095 3926 1139 3980 lex
1152 3922 1337 3992 D'Argentr6)
1357 3923 1485 3993 prolixas
1498 3938 1624 3977 censuras

322 3995 414 4046 seiner
435 3992 590 4063 'theologie
610 4010 669 4047 war
688 3994 856 4061 mcglichste
874 3995 962 4048 Dehn·
990 3996 1020 4047 in
1032 3998 1067 4051 32
1083 3994 1192 4047 Erasmi
1205 4011 1286 4065 prop.
1300 4010 1333 4048 ex
1346 3996 1409 4062 ejus
1420 3995 1451 4047 in
1465 3994 1562 4065 primis
1579 4008 1623 4061 pa·

322 4064 441 4127 burkeit,
456 4064 962 4135 Vieldeutigkcitundt'nbestimmt·
990 4065 1174 4133 taphrasibue
1193 4065 1224 4119 in
1243 4064 1279 4118 N.
1300 4066 1331 4119 T.
1351 4064 1504 4123 derivatas.
1527 4065 1566 4119 cf.
1578 4079 1624 4115 eas

322 4136 391 4189 heit.
417 4135 518 4189 Nichts
531 4153 590 4189 war
602 4136 662 4189 ihm
677 4154 706 4190 so
721 4136 837 4189 verhallt
850 4137 903 4191 wie
916 4138 962 4191 dia
990 4137 1077 4191 etiam
1091 4138 1122 4190 in
1135 4140 1188 4207 Op.
1209 4136 1255 4200 lX,
1268 4140 1322 4195 814
1334 4154 1369 4190 sa

322 4206 496 4276 speculative
528 4208 722 4277 Begritndung
754 4208 962 4278 theologiacher
1030 4214 1047 4272 ¹)
1063 4208 1235 4278 injuriarum
1247 4209 1278 4261 in
1288 4208 1440 4263 monachos
1452 4208 1621 4279 prolatarum

323 4278 962 4350 habron,dieacharfeunddistincteBegn'ffa·
990 4280 1072 4348 quasi
1092 4278 1323 4334 retractationem
1343 4279 1472 4333 instituit
1491 4280 1521 4332 in
1539 4274 1621 4348 praef.

323 4350 522 4421 bestirumung.
537 4351 587 4403 das
598 4350 826 4418 Syrternatisiren
840 4351 899 4404 und
913 4351 962 4405 De·
989 4352 1026 4404 ad
1036 4352 1080 4406 ed.
1092 4350 1289 4405 commentarii
1297 4352 1328 4404 in
1339 4350 1465 4407 Psalmos
1475 4348 1621 4421 saymonis

321 4419 439 4475 ducireu
452 4422 482 4475 in
497 4422 650 4491 Dogmetik
671 4423 730 4476 und
746 4422 841 4476 Moral.
869 4424 962 4477 Dahar
990 4422 1202 4477 Halberstase
1223 4423 1358 4487 ed1533,
1379 4422 1410 4476 in
1430 4440 1489 4492 qua
1507 4420 1621 4493 splendi-

321 4492 398 4619 {eiue
413 4492 590 4617 prirlpcipielle
605 4493 788 4547 Feindschaft
807 4510 902 4563 gagen
916 4495 962 4549 die
989 4494 1102 4547 durnin
1117 4496 1224 4547 statum
1237 4492 1404 4564 religiosum
1419 4496 1573 4550 encomium
1586 4491 1619 4542 le-

333 4565 457 4619 'cholasti
483 4604 488 4617 .
1010 4565 1077 4620 itur.

283 4698 285 4701 ,
357 4642 378 4705 ²]
394 4638 435 4690 lta
450 4635 716 4706 Mich.as.Joseph
737 4634 874 4706 Bibliogr.
899 4637 961 4691 crit.
989 4584 1047 4709 g²)
1062 4636 1102 4692 cf.
1114 4636 1233 4690 Janssen
1254 4638 1287 4702 Il,
1308 4641 1360 4693 160
1379 4654 1414 4690 ss.
1435 4637 1484 4691 ubi
1497 4636 1555 4706 ejus
1566 4650 1619 4685 au-

320 4714 346 4773 2,
360 4714 421 4765 231,
989 4708 1110 4772 biguum
1124 4708 1273 4777 ingenium
1287 4708 1425 4766 ostendit:
1449 4709 1483 4762 de
1496 4710 1554 4777 ejus
1565 4704 1618 4758 dia·

357 4788 377 4846 ⁸)
392 4780 467 4833 llaec
481 4782 551 4837 1518
564 4796 688 4849 primum
703 4778 789 4843 edita,
806 4778 961 4835 15241111-
989 4779 1065 4833 triba
1084 4780 1219 4833 adversus
1239 4778 1396 4834 Lutherum
1417 4780 1558 4833 Laemmer
1574 4791 1618 4841 op.

320 4852 381 4903 tum
402 4854 494 4915 aucta,
515 4849 672 4904 innumeris
694 4851 802 4905 uicibus
824 4866 961 4914 recusas
989 4851 1035 4905 cit.
1049 4852 1138 4921 praet.
1151 4869 1180 4911 n.
1194 4854 1236 4909 13.
