3542 5350
304 310 366 364 915
567 296 750 348 nul-1475.
765 292 913 372 Scriptura
925 310 946 348 s.
961 291 1113 361 Dionysius
1127 293 1340 357 Carthasianuq
1546 311 1606 364 915

302 481 466 554 guerentur
480 477 608 547 realiter,
626 477 705 537 unde
720 481 751 537 et
759 482 833 538 tunc
842 478 879 538 de
889 479 943 538 illa
970 479 1031 537 tius
1057 478 1182 554 puerulo
1207 477 1286 538 inter
1309 479 1421 538 bonnm
1444 483 1475 538 et
1497 479 1608 537 malum

299 566 426 625 ‘materia
449 567 597 641 quendam
619 568 815 626 tractatulum
830 568 941 644 compi·
969 567 1272 626 discernerenondum
1281 568 1391 626 valenti
1399 568 1607 644 praeveniente

301 656 378 714 lavi:
395 674 485 730 quem
499 656 617 716 utinam
626 675 704 715 nune
713 657 859 727 haberem,
871 657 942 732 quia
970 657 1080 731 pietate
1105 655 1277 715 dulcissima
1301 657 1456 716 contulisti
1479 657 1607 716 nominis

301 745 488 822 corrigerem.
519 745 638 802 Etenim
654 745 827 822 diligentius
842 747 937 806 consi·
968 745 1015 803 tui
1030 745 1169 804 affectum
1185 749 1217 804 et
1227 745 1379 820 tuiipsius
1389 754 1548 805 amorem‘
1566 745 1609 803 De

300 833 439 903 dotando,
466 833 564 893 verius
589 837 620 893 et
643 835 828 910 probabilius
856 839 941 896 ratus
969 842 1111 894 venustate
1127 831 1269 916 mundss).
1286 867 1330 878 -
1346 835 1389 894 De
1404 838 1609 894 certmst

300 941 375 991 sum,
392 921 472 998 quod
487 942 549 981 non
563 923 683 982 realiter
698 924 736 982 ab
745 925 872 984 invicem
881 924 937 982 dif·
967 925 1062 998 officio
1077 926 1186 984 summi
1195 925 1361 999 pontifici&
1383 925 1419 984 de
1430 931 1570 1000 poleam
1584 931 1609 980 et

300 1012 426 1070 ferant‘
444 1045 488 1056 —
504 1012 554 1071 Do
561 1013 729 1088 gmatiea
744 1018 831 1072 sunt:
857 1014 939 1073 Corn·
959 1009 1169 1091 jurisdictione
1198 1014 1343 1087 ejusdem
1372 1014 1408 1071 de
1437 1015 1609 1072 auctoritate

301 1101 437 1159 mmtom'r'
446 1100 689 1160 eeuOollectanea
698 1120 752 1176 per
760 1103 882 1161 modum
892 1122 938 1161 ca·
965 1103 1145 1179 generalium
1167 1103 1363 1178 conciliorum,
1388 1120 1447 1177 quo
1469 1102 1503 1160 in
1527 1120 1607 1176 ope

300 1193 387 1249 tenne
415 1190 448 1247 in
465 1189 531 1251 411.
556 1191 783 1260 sententiarum,
807 1191 939 1251 Venetiis
967 1195 1048 1250 reolo
1064 1190 1194 1250 deflectit
1208 1192 1328 1250 tramite
1353 1193 1489 1250 statuens
1505 1209 1606 1266 super·

305 1287 387 1341 1504
406 1275 456 1359 (m.
475 1276 561 1359 250),
585 1278 722 1338 Coloniae
741 1289 840 1350 1534;
871 1281 939 1358 qui·
968 1279 1115 1339 iorilatem
1138 1299 1217 1343 cono.
1242 1299 1331 1356 super
1355 1298 1510 1339 romanum
1533 1297 1607 1355 pon·

300 1367 366 1436 bus,
383 1366 515 1426 exhibito
531 1373 625 1436 textu,
642 1369 744 1444 paneis
759 1389 828 1428 enm
843 1368 937 1429 decla·
967 1368 1093 1427 tificem:
1111 1369 1162 1427 sed
1180 1387 1270 1429 sensu
1286 1368 1369 1428 valde
1378 1368 1524 1438 restricto,
1536 1367 1607 1426 alias

300 1459 362 1527 rat3
379 1459 513 1516 recenset
528 1456 597 1515 dein
611 1458 802 1533 quaestiones
818 1460 937 1534 ejusoc·
967 1457 1044 1516 enim
1062 1460 1180 1533 statuit,
1203 1459 1235 1518 in
1257 1458 1396 1518 omnibus
1416 1458 1514 1527 rebus,
1532 1476 1606 1533 quse

300 1545 418 1604 cesione
447 1545 600 1615 excitatae,
632 1546 732 1605 citatis
759 1547 939 1608 verbotenus
967 1545 1606 1624 papalispraelationismensuram‚regulam

300 1634 526 1710 praecipuorum
551 1635 757 1712 theologorum
773 1637 937 1706 sententiis,
966 1637 1233 1712 magisteriumque
1271 1638 1464 1704 concernunt,
1496 1655 1606 1712 papam

301 1721 374 1781 adeo
388 1729 425 1781 ut
440 1741 584 1782 summam
600 1725 710 1783 habeas
735 1728 766 1784 et
788 1726 938 1801 epitomen
967 1743 1028 1783 esse
1039 1743 1129 1801 super
1139 1726 1297 1784 concilium
1305 1732 1335 1784 et
1344 1743 1434 1801 super
1441 1728 1535 1783 totam
1551 1723 1605 1782 lle·

299 1812 565 1871 oontroversiarum
574 1814 937 1890 temporispraecedentiq
966 1812 1091 1872 elesiam.
1109 1814 1182 1872 llum
1191 1817 1292 1874 autem
1301 1831 1439 1874 excusare
1448 1814 1527 1882 licet,
1538 1831 1605 1872 eum

298 1989 371 2048 tiam
386 2009 509 2064 eamque
524 1993 640 2067 probat.
656 1991 937 2076 JuxtaScbeeben1)
967 1991 1604 2069 matisintermagnosinvaluerittheologos.

298 2078 415 2154 priores
447 2080 537 2153 hujus
568 2082 769 2139 commentarii
793 2081 824 2144 ll.
850 2082 938 2159 longe
966 2079 1077 2155 quibus
1093 2083 1210 2157 praeter
1226 2083 1302 2140 hano
1311 2080 1456 2140 theoriam
1472 2081 1530 2140 alia
1544 2098 1605 2138 non

299 2167 482 2243 praecellunt
498 2168 718 2243 posterioribus.
735 2170 856 2229 Summa
870 2171 939 2244 fidei
966 2169 1086 2244 patebat
1101 2169 1149 2228 via
1164 2171 1201 2228 ed
1212 2171 1358 2230 unitatem
1375 2171 1606 2229 ecclesiasticam

299 2257 483 2333 orthodoxae,
500 2256 632 2316 Venetiis
652 2269 754 2328 15723
783 2269 863 2324 1585
882 2263 937 2322 etc.
966 2257 1038 2316 adeo
1060 2259 1210 2318 turbatam
1235 2259 1459 2319 resarciendam.
1491 2257 1537 2316 De
1558 2257 1612 2316 Ν

298 2344 384 2404 valde
400 2347 486 2404 utilis
503 2342 611 2428 (sexies
626 2344 720 2428 edita)
736 2365 788 2407 seu
805 2368 937 2408 summa·
965 2349 1091 2406 hominis
1105 2346 1276 2419 molesteris,
1293 2349 1431 2408 Coloniae
1448 2357 1527 2410 1535
1539 2349 1604 2419 eta,

297 2433 375 2492 rium
392 2434 529 2494 Summae
551 2435 734 2512 theologicae
755 2455 777 2496 s.
793 2438 936 2507 Th0mae3
965 2435 1042 2496 forte
1057 2437 1137 2496 ultre
1153 2437 1328 2515 quadragies
1344 2437 1457 2496 editum
1474 2439 1505 2494 et
1513 2437 1544 2494 in
1553 2455 1604 2494 va-

298 2525 496 2597 compendium
535 2525 717 2600 theologicum
756 2527 792 2585 de
824 2527 937 2586 lumine
965 2527 1023 2584 riae
1040 2527 1160 2602 linguas
1177 2545 1302 2596 versum,
1320 2525 1448 2586 subinde
1464 2525 1550 2584 (berb.
1567 2526 1604 2584 de

298 2611 477 2670 christianae
502 2613 645 2684 theoriae3
671 2615 820 2693 dialogion
845 2613 938 2697 (inter
966 2613 1264 2675 Vliedenhoven
1294 2615 1449 2685 tributum,
1481 2614 1512 2672 in
1543 2632 1605 2690 quo

299 2701 508 2777 philosophum
524 2700 750 2786 ettheologum)
767 2707 872 2779 deside
888 2726 936 2764 ra·
964 2710 1065 2763 tamen
1081 2708 1165 2764 notat
1180 2708 1211 2764 et
1228 2704 1339 2765 refellit
1355 2705 1556 2764 Bellarminus
1566 2702 1604 2761 de

297 2790 411 2859 thelica,
428 2792 607 2866 opuseulum
619 2794 779 2870 praecipue
788 2813 936 2854 commen·
965 2798 1082 2871 purgat.
1099 2792 1136 2863 ll,
1156 2806 1174 2856 4
1192 2794 1326 2870 Dionysii
1342 2793 1520 2869 opinionem,
1544 2812 1606 2869 qua

214 2946 217 2951 ¹
297 2878 415 2938 datione
432 2878 564 2957 dignum,
581 2881 613 2939 in
621 2901 680 2957 quo
693 2884 860 2960 apologiam
868 2882 937 2943 fidei
964 2882 1144 2958 quibusdam
1170 2883 1336 2942 visionibus
1361 2884 1482 2941 innixus
1507 2887 1606 2957 putat.

296 2968 473 3027 christianae
498 2988 532 3027 ex
558 2970 622 3046 ipso
646 2972 762 3031 ratione
792 2972 936 3033 institnit.
965 2972 1076 3030 animas
1092 2972 1123 3031 in
1138 2973 1311 3049 purgatorio
1336 2973 1463 3032 incertas
1488 2990 1552 3031 essa
1569 2970 1607 3029 de

297 3057 341 3115 De
354 3066 464 3115 nutura
480 3062 538 3116 ueri
561 3068 586 3116 et
601 3062 711 3118 oeterni
726 3062 783 3119 Dei
787 3083 800 3136 ,·
822 3070 935 3121 creatu
963 3066 1084 3119 aeterna
1099 3080 1152 3120 sua
1162 3062 1265 3121 salute.
1282 3062 1417 3121 Ceterum
1426 3060 1607 3119 Posserinus

296 3155 433 3205 curarum
456 3150 488 3205 in
510 3148 612 3206 ordine
635 3150 675 3207 od
690 3148 784 3208 Deum
800 3152 935 3210 conside·
963 3156 1121 3226 propterea
1137 3154 1252 3209 textum
1276 3152 1489 3227 interpolatum
1512 3149 1607 3207 fuisse

296 3236 372 3294 ratio
387 3236 566 3313 theologiam
587 3239 622 3295 de
645 3240 782 3298 laudibm
794 3241 937 3317 gloriosae
964 3244 1071 3297 censet.
1101 3239 1145 3297 De
1157 3240 1336 3315 particulari
1343 3240 1457 3315 judicio
1473 3238 1505 3296 in
1519 3238 1607 3296 obitu

302 3324 380 3401 Virp.
406 3324 523 3384 Mariae
547 3327 575 3383 ll.
600 3328 641 3399 4,·
672 3328 707 3386 dc
727 3332 885 3401 praeconio
910 3336 936 3387 et
964 3328 1160 3405 singulorum,
1201 3328 1370 3405 quindecies
1401 3326 1531 3397 editum
1573 3328 1609 3385 de

295 3414 436 3489 dipnitote
451 3415 577 3486 ejusdem
591 3416 620 3475 ll.
639 3419 668 3492 4,
694 3417 727 3475 in
743 3418 853 3493 quibus
868 3422 935 3476 tue·
965 3424 1065 3475 inulae
1081 3420 1238 3494 cognitione
1247 3419 1394 3477 bealorum
1404 3417 1436 3475 in
1445 3416 1549 3491 patria.
1561 3448 1608 3460 -

295 3508 346 3560 tur
366 3503 498 3579 Virginis
525 3504 745 3564 immaculatam
770 3507 935 3583 conceptio·
964 3506 1160 3565 Polemios
1190 3512 1276 3565 sunt:
1309 3508 1417 3566 Corrtro
1444 3506 1608 3579 perfidiam

295 3610 370 3650 nem.
397 3592 520 3651 Fatetur
535 3593 615 3651 enim
631 3593 668 3653 de
683 3612 715 3653 se
731 3596 763 3653 in
780 3596 871 3671 priori
888 3600 935 3672 op'.
965 3594 1133 3670 Maeonius,
1165 3596 1302 3655 hortante
1334 3594 1457 3655 Nicolao
1487 3594 1608 3653 cusano

295 3680 347 3749 lll,
366 3690 422 3740 ro:
440 3682 691 3749 ,Adolescentulo
706 3682 802 3743 adbuc
817 3685 865 3743 rel
881 3704 935 3760 po·
964 3684 1176 3761 conscriptum,
1194 3685 1331 3743 Coloniae
1352 3692 1443 3748 153³.
1459 3684 1504 3741 ed.
1522 3703 1607 3743 rara:

963 3774 1142 3849 germanice:
1177 3775 1208 3832 l).
1225 3793 1250 3831 v.
1269 3774 1370 3833 Riolrel
1386 3774 1517 3835 Alooron
1533 3773 1610 3833 oder

963 3863 1014 3920 des
1039 3862 1217 3922 Tiirhisohen
1235 3863 1399 3921 Alcoranus
1425 3860 1527 3921 Inhalt
1542 3862 1609 3921 und

295 3928 353 4060 qui)
359 3921 744 4061 &galr'effiffloffissffi
742 3926 820 4051 11¹5}ae
817 3932 936 4051 {effi
963 3951 1153 4051 hblehnung,
1181 3952 1369 4027 Argentorati
1390 3960 1481 4023 1540,
1509 3952 1610 4011 versio

295 4081 325 4115 er
337 4063 444 4115 aeinern
459 4064 588 4117 Freunde
602 4066 636 4125 N.
651 4084 677 4120 v.
691 4066 768 4122 Kues
781 4070 883 4139 gleich‚
898 4086 935 4121 en
963 4040 1050 4099 mm
1067 4040 1161 4101 fibert*
1185 4048 1215 4099 et
1231 4041 1329 4100 minus
1345 4040 1449 4111 fid‘ffiss‘
1472 4058 1543 4100 ΜΨ
1560 4041 1608 4099 in·

297 4133 421 4203 Umfaig
447 4134 504 4187 und
532 4134 715 4191 Korrektheit
739 4140 788 4193 dea
808 4140 934 4193 wissens
962 4132 1076 4203 terpres
1093 4148 1146 4187 aue
1163 4129 1289 4189 subinde
1305 4129 1499 4189 substituerit
1516 4130 1610 4189 dietis

295 4206 363 4259 uber
383 4204 458 4266 ihm:
479 4206 530 4260 das
553 4206 655 4263 Wahre
675 4210 734 4267 ond
755 4210 864 4265 Schtne
885 4212 935 4265 der
962 4218 1101 4276 auctoris,
1118 4252 1160 4261 -.
1172 4219 1272 4295 Adjus
1288 4218 1509 4277 canoniam
1523 4238 1609 4295 spec.

293 4276 935 4413 lsulslurrrstersus
962 4310 1029 4365 o
1046 4307 1236 4382 verrom
1259 4308 1457 4381 invasorum
1473 4326 1610 4383 wa

295 4422 385 4473 ueben
399 4420 532 4474 elbertus
542 4420 578 4477 M.
595 4422 653 4474 und
667 4422 804 4476 Heinrich
819 4441 845 4478 v.
859 4426 934 4477 trent
961 4397 1047 4470 “mr
1066 4394 1222 4455 d⁰⁰d³⁰i⁰⁸
1237 4396 1367 4467 editum?
1383 4403 1484 4455 ‘'W‘'
1499 4399 1609 4473 Pium·

294 4491 336 4544 als
350 4490 587 4561 Hauptvertreter
608 4492 658 4546 der
677 4494 832 4547 deutschen
845 4494 934 4549 Theo·

293 4562 376 4631 logie,
402 4564 476 4616 auch
501 4564 551 4617 der
572 4562 679 4631 Myrtili
703 4565 743 4618 im
768 4565 949 4668 blittelalterq

291 4632 388 4703 gelten
401 4634 488 4689 kann.
516 4634 608 4689 ltuber
631 4640 747 4689 wurden
770 4638 949 4697 taucheeine¹
1002 4635 1610 4691 ¹*Dehool.ZoelrlerStudienundKritilren

294 4704 395 4759 Werke
418 4706 488 4759 kurz
512 4706 584 4760 nach
604 4706 669 4759 dem
691 4708 857 4762 Ausbruche
883 4708 934 4762 der
946 4719 949 4812 1
962 4714 1029 4764 1881
1046 4727 1073 4777 p.
1087 4712 1186 4765 usu-65
1199 4711 1261 4761 t'use
1272 4707 1386 4761 disserit
1400 4712 1612 4779 auctoremque

292 4775 489 4831 Reformatiou
521 4779 564 4831 ula
591 4776 732 4831 Bollwerk
763 4795 855 4847 gagen
887 4780 1075 4856 dieflerhibet
1095 4784 1127 4832 ut
1148 4794 1358 4848 praecursorem
1381 4780 1535 4833 cartennae
1551 4799 1612 4835 mo-

293 4848 774 4919 Hilreaiegeeammeltuudzullbln
782 4850 932 4919 gedruclrt.
961 4850 1075 4910 dernae,

962 4554 1120 4563 *-
