3542 5350
302 305 320 359 3
325 305 365 359 39
572 292 757 345 rael-1275.
771 285 948 358 Disciplinae
961 286 997 340 nd
1011 303 1046 342 aa.
1059 286 1158 340 literas
1170 287 1338 356 spectantes.
1546 303 1609 358 340

428 683 482 783 ΙΙ.
515 641 799 803 Disciplinae
832 681 891 780 ad
922 709 981 782 ss.
1013 680 1178 780 literas
1209 683 1479 802 spectantes.

350 927 418 984 182.
436 919 596 977 Praetura.
613 919 795 989 Thomam,
813 919 943 994 quime·
970 921 1070 977 tarum
1100 917 1212 995 regula,
1243 917 1276 975 in
1305 917 1438 976 examine
1469 917 1510 975 sic
1539 917 1612 976 dicti

301 1009 358 1068 rito
374 1013 405 1067 et
420 1009 467 1066 hic
477 1008 706 1071 estlaudandus.
723 1008 780 1068 alio
796 1008 944 1086 gloriatur
972 1007 1147 1084 ,Evangelii
1162 1007 1275 1065 aeterni
1292 1001 1340 1087 (cf.
1356 1025 1385 1082 p.
1402 1003 1509 1084 ⁴25⁷)‘2
1525 1005 1612 1066 indi·

301 1097 372 1157 ordo
389 1097 637 1166 Praedicatorum,
654 1098 706 1172 qui
722 1097 753 1155 iu
763 1097 943 1156 studiisbib-
955 1084 958 1147 l
966 1095 1138 1171 judicandis
1169 1095 1382 1164 controversiis,
1408 1114 1483 1171 quas
1507 1099 1613 1154 contra

300 1187 364 1246 licis
379 1187 458 1245 haud
474 1186 620 1246 incelebre
630 1205 737 1245 nomen
748 1190 942 1246 estconaecu·
955 1164 958 1295 ἰ
970 1185 1087 1244 ordines
1101 1185 1302 1244 mendicantes
1319 1184 1475 1244 suscitavit
1500 1185 1613 1243 Guilel-

300 1281 358 1334 tus.
378 1276 485 1353 Hugo
501 1275 537 1335 de
548 1275 576 1338 S.
593 1275 687 1336 Caro
704 1273 753 1355 (de
763 1271 942 1356 SaintOher)
971 1293 1036 1333 mua
1053 1295 1071 1333 a
1086 1275 1192 1334 Sancto
1208 1275 1315 1334 Amore
1330 1270 1418 1356 (cip.
1431 1273 1514 1352 309).
1530 1273 1613 1333 Obiit

302 1387 319 1424 a
340 1364 402 1424 loco
426 1365 522 1424 natali
543 1363 675 1424 Viennae
689 1364 884 1444 Allobrogum
899 1326 1050 1440 italapue
1074 1363 1182 1422 Urbem
1207 1363 1506 1426 veteranionem
1526 1371 1610 1427 1263

300 1454 476 1530 appellatus.
494 1454 583 1512 etiam
599 1453 697 1512 dietus
713 1473 731 1512 a
747 1473 767 1512 s.
779 1454 943 1514 Theodosio
955 1442 958 1533 J
970 1449 1051 1534 (stilo
1066 1453 1160 1511 veteri
1174 1461 1266 1522 1262,
1274 1453 1361 1528 iuxta
1375 1451 1496 1511 Eubel
1515 1451 1614 1529 1264)

300 1543 388 1623 (salso
398 1543 433 1601 de
444 1562 465 1601 a.
476 1538 676 1625 Theoderico),
693 1543 764 1617 quia
779 1547 810 1603 et
825 1545 879 1603 hoc
889 1562 942 1603 no·
955 1560 958 1593 r
971 1542 1165 1618 sepultusque
1184 1541 1244 1599 fuit
1259 1545 1414 1618 praesente
1429 1541 1547 1602 Urbano
1562 1541 1612 1600 lv.

302 1651 370 1690 men
386 1632 443 1692 loci
458 1633 523 1708 ejus
539 1631 654 1700 natalis,
678 1632 806 1692 Parisios
823 1633 943 1710 juvenis
955 1606 958 1716 ξ
969 1649 1038 1690 cum
1053 1631 1191 1689 universo
1208 1630 1402 1690 cardinalium
1419 1630 1545 1708 collegio
1554 1650 1613 1689 nn·

301 1721 383 1781 venit
398 1721 582 1796 emensisque
597 1721 801 1798 philosophiae
816 1722 1142 1796 aethan-lmerosoque
1173 1719 1303 1778 omnium
1335 1721 1367 1778 iu
1397 1719 1465 1780 aula
1489 1739 1615 1779 romana

300 1810 395 1886 legiae
411 1810 517 1870 studiis
537 1810 570 1868 in
585 1828 667 1870 sacra
682 1811 824 1870 facultate
840 1811 943 1870 bacca·
955 1813 958 1873 !
969 1810 1171 1885 praelatorum
1186 1809 1388 1886 praesentium
1403 1813 1498 1869 coetu.
1529 1807 1616 1868 Inter

301 1899 420 1958 luursus
436 1901 482 1958 est
492 1898 646 1968 admissus,
663 1904 729 1958 tum
746 1904 776 1958 et
787 1901 850 1976 juri
866 1901 942 1958 utri·
955 1926 958 1985 Ι
970 1901 1033 1974 ejus
1049 1917 1140 1975 opera
1161 1899 1272 1957 eminet
1295 1898 1324 1960 S.
1342 1896 1442 1956 Bittio
1463 1900 1614 1977 recognito

302 2008 359 2064 que
375 2007 493 2064 operam
509 1987 599 2058 dedit,
616 1989 696 2063 quod
712 1992 743 2048 et
758 1989 873 2066 publice
890 1988 942 2048 do·
955 2020 957 2069 r
970 1994 995 2045 et
1010 1989 1161 2046 emendato
1176 1988 1194 2045 i.
1211 2006 1235 2044 e.
1253 2007 1270 2045 u
1285 1988 1462 2064 scriptorum
1471 1987 1612 2047 vitiiser-

301 2078 370 2136 cuit.
388 2077 528 2136 Ordinem
544 2095 565 2135 s.
580 2077 722 2137 Dominici
738 2081 784 2138 est
793 2079 943 2156 ingressus
970 2081 1106 2154 purgata.
1132 2075 1239 2135 additis
1271 2077 1309 2135 ad
1334 2077 1498 2154 marginem
1523 2077 1615 2135 variis

303 2177 352 2230 22.
370 2166 454 2225 Febr.
477 2167 942 2244 1225‚etvixtyrocinioemenao
970 2166 1148 2224 lectionibus
1180 2165 1261 2224 codd.
1294 2183 1380 2225 macr.
1406 2166 1613 2234 hebraeorum,

302 2277 326 2314 a.
349 2263 441 2319 1227.
458 2255 530 2334 quia
545 2255 582 2314 sd
597 2256 730 2332 regimen
746 2261 811 2316 erat
826 2257 942 2333 ephesi-
956 2230 958 2309 l
970 2273 1143 2332 graecorum
1159 2257 1191 2312 et
1199 2258 1333 2314 veterum
1344 2255 1505 2314 latinmum
1514 2259 1615 2314 aetate

300 2364 376 2415 mus,
400 2345 539 2404 Francius
559 2345 744 2421 provincialia
767 2351 812 2406 est
835 2347 942 2405 dictus.
956 2330 958 2367 ¹
970 2343 1066 2403 Caroli
1081 2343 1119 2402 hi.
1135 2345 1322 2420 scriptorum.
1353 2343 1415 2403 Hoc
1431 2361 1507 2420 opus
1523 2343 1615 2403 colla·

301 2435 370 2494 Post
386 2433 548 2492 triennium
569 2433 664 2494 officio
681 2434 798 2494 solutus
813 2453 894 2494 unua
909 2454 944 2493 ex
956 2432 958 2469 ³
970 2434 1146 2492 horantibus
1170 2452 1241 2492 sane
1256 2433 1405 2492 sodalibus
1421 2436 1452 2491 et
1466 2433 1503 2492 de
1518 2433 1567 2491 die
1582 2435 1616 2492 in

302 2523 405 2599 primis
422 2522 487 2592 sutt,
504 2523 557 2597 qui
573 2541 662 2599 super
674 2523 764 2584 libros
780 2523 943 2584 sententio·
956 2508 959 2585 Ῑ
971 2522 1048 2581 diem
1064 2522 1284 2598 perficientibus
1308 2523 1353 2581 ita
1374 2527 1555 2584 accuratum.
1571 2523 1616 2580 ita

304 2631 369 2672 rum
387 2611 502 2687 publice
528 2612 609 2689 legit,
633 2613 817 2689 expletisque
842 2614 943 2675 condi·
957 2600 1102 2670 'numeris
1118 2612 1256 2670 omnibus
1273 2612 1455 2678 ahsolutum,
1471 2615 1558 2671 tanta
1568 2629 1616 2670 sa·

303 2702 434 2761 tionibus
450 2702 630 2765 licentiatus,
647 2704 812 2762 tumetIam
829 2704 944 2762 laurea-
971 2702 1082 2778 pientia
1113 2702 1322 2761 concinnatum
1351 2702 1486 2779 agnoscit
1508 2702 1541 2760 R.
1568 2701 1616 2760 Si·

302 2795 422 2849 tuaest.
454 2790 529 2849 Hinc
553 2791 590 2849 ab
612 2792 739 2852 Henrico
763 2792 1049 2869 gandavenai'rnon‚
1081 2794 1117 2849 ut
1140 2792 1229 2866 quale
1252 2794 1299 2849 est
1322 2791 1403 2867 typis
1427 2791 1473 2849 edi
1500 2810 1533 2849 ac
1557 2791 1617 2850 sub

303 2880 339 2937 de
366 2879 464 2956 script.
488 2880 557 2939 eccl.
580 2899 603 2938 c.
622 2892 662 2943 40
686 2880 797 2941 dicitur
819 2882 943 2957 primus,
957 2845 1054 2982 {prelo
1070 2880 1175 2939 sudare
1190 2900 1207 2940 e
1221 2900 1253 2938 re
1269 2880 1415 2939 Ecclesiae
1440 2898 1503 2939 esse
1518 2878 1616 2940 fatea-

304 2969 356 3045 qui
371 2988 405 3026 ex
420 2968 471 3027 illo
488 2968 589 3027 ordine
600 2954 767 3029 cathedram
778 2972 944 3048 theologiae
972 2974 1031 3030 tur.
1047 2970 1107 3029 imo
1123 2973 1153 3028 et
1168 2969 1328 3028 dolendum
1344 2969 1442 3036 addat,
1459 2969 1539 3044 quod
1549 2988 1616 3029 cor-

303 3058 503 3135 megistralem
534 3060 645 3117 meruit
675 3060 837 3118 ascendere.
878 3039 1101 3182 lpseirectores
1115 3060 1238 3123 romani,
1256 3060 1308 3133 qui
1316 3058 1410 3117 biblia
1419 3060 1544 3135 vulgata
1553 3058 1616 3116 edi-

303 3165 421 3223 quoque
447 3166 525 3205 unus
550 3166 584 3206 ex
609 3148 723 3207 ultimis
738 3148 805 3219 fuit,
831 3150 882 3224 qui
899 3150 944 3208 usi
972 3148 1090 3214 derunt,
1107 3146 1183 3206 illud
1198 3166 1257 3207 ron
1272 3148 1402 3207 viderint
1410 3147 1544 3223 alioquin
1554 3148 1617 3206 nti·

303 3238 364 3295 sint
389 3237 533 3304 ,materia
563 3254 652 3313 super
674 3238 693 3295 l.
717 3239 943 3302 sententiarum,
958 3209 1119 3296 *tissimum
1148 3237 1208 3296 illis
1244 3236 1388 3295 futurum.
1435 3239 1618 3296 Asseriatur

302 3346 390 3401 quam
408 3326 477 3385 feeit
494 3326 634 3403 magister
651 3327 792 3386 Petrus
818 3328 944 3386 hiandu-
958 3326 1060 3384 innodo
1076 3326 1172 3385 adhuc
1188 3327 1306 3385 Parisiis
1323 3326 1466 3404 originale
1482 3327 1616 3401 ejusdem

303 3414 446 3492 cataros
464 3416 576 3474 lterum
593 3416 730 3493 regimini
748 3416 884 3475 admotus
901 3422 946 3475 est
958 3417 960 3462 ἰ
973 3416 1129 3491 exemplar.
1161 3416 1240 3474 Haec
1270 3435 1341 3475 vero
1366 3415 1616 3491 Sanjacobeorum

303 3498 433 3579 dumque
449 3504 610 3563 leodienses
626 3505 741 3564 sodales
750 3506 897 3570 visitaret,
908 3506 945 3564 ab
958 3525 960 3580 Ι
973 3504 1117 3563 sodalium
1134 3503 1190 3586 (ita
1202 3505 1401 3581 cognominati
1418 3524 1435 3562 a
1450 3508 1617 3564 conventus

303 3594 437 3669 episcopo
452 3594 484 3653 in
494 3594 649 3653 consilium
661 3612 727 3651 curn
739 3594 804 3652 aliis
815 3595 945 3654 edat-itus
958 3635 960 3684 4
972 3590 1104 3674 nomine)
1128 3594 1271 3653 correctio
1277 3592 1301 3673 ¹)
1323 3594 1395 3652 viris
1418 3593 1544 3653 eruditis
1559 3612 1617 3653 sec.

304 3686 357 3750 est,
376 3682 551 3757 quibuscum
569 3702 679 3741 novum
691 3684 796 3743 festum
810 3684 946 3761 corpeus
973 3682 1050 3741 x111.
1074 3684 1117 3741 ita
1143 3684 1251 3750 arrisit,
1277 3687 1315 3741 ut
1337 3683 1486 3742 ramentas
1509 3683 1618 3741 saltem
1653 3733 1658 3741 .

303 3771 410 3829 Christi
428 3772 565 3847 probavit
584 3773 773 3848 multumque
789 3773 945 3848 promovit
958 3735 960 3812 l
973 3771 1112 3831 lectiones
1127 3772 1306 3849 marginales
1322 3772 1413 3831 multi
1434 3771 1492 3830 sibi
1507 3772 1617 3831 desom-

306 3860 374 3918 Post
389 3860 606 3919 abdicationem
618 3880 639 3919 s.
650 3862 818 3939 Raymundi
828 3863 946 3940 integro
958 3829 961 3922 i
973 3861 1085 3919 bendos
1100 3862 1233 3919 curarint
1254 3860 1384 3939 hincque
1407 3860 1619 3938 depromptum

303 3965 380 4006 anno
396 3950 565 4025 generalem
580 3949 691 4009 ordinis
717 3952 779 4029 egit
794 3952 946 4010 doarium.
958 3957 961 4008 1
973 3954 1019 4009 est
1042 3950 1157 4009 celebre
1181 3951 1392 4009 correctorium
1416 3951 1616 4018 sorbonicum,

303 4038 493 4097 innocentius
510 4038 556 4101 IV.
574 4040 785 4115 cumprimum
801 4041 942 4100 exDorui·
973 4043 1004 4097 et
1018 4057 1035 4097 a
1051 4040 1181 4115 capitulo
1197 4040 1329 4116 generali
1339 4038 1451 4099 ordinis
1459 4040 1617 4115 parisiensi

303 4127 475 4187 nicenorum
515 4128 617 4187 ordine
655 4129 832 4189 cardinalem
870 4109 960 4188 dinit¹
977 4137 1058 4191 1256
1082 4130 1257 4188 mandatum
1283 4128 1382 4204 ,quod
1408 4128 1516 4188 sratlas
1538 4128 1618 4187 inni·

305 4225 355 4279 28.
372 4217 438 4291 Mej.
460 4225 552 4279 1214.
569 4236 662 4293 eoque
678 4222 713 4276 ut
723 4219 944 4279 viroindustrio
958 4229 960 4288 1
972 4219 1077 4277 tantur
1092 4218 1138 4276 illi
1154 4218 1328 4277 comestioni
1335 4226 1359 4276 ‘.
1390 4218 1430 4277 Et
1444 4236 1550 4277 revera
1564 4219 1619 4277 Al-

303 4310 333 4363 et
358 4304 506 4382 intrepido
531 4305 563 4363 in
586 4307 774 4383 gravioribus
798 4308 945 4367 Ecclesiae
972 4308 1079 4366 bertus
1101 4308 1148 4376 hi,
1172 4326 1193 4365 s.
1210 4307 1336 4367 Thomas
1358 4310 1412 4367 etc.
1435 4308 1467 4366 in
1491 4307 1618 4366 citandis

303 4395 429 4471 negotiis
440 4414 512 4453 usus
522 4398 581 4465 est;
601 4396 667 4453 hinc
678 4415 811 4473 magnum
829 4402 944 4473 partem
958 4351 960 4422 d
974 4396 1135 4472 Scripturis
1161 4400 1330 4473 sequuntur
1353 4396 1428 4455 hano
1452 4400 1555 4455 textus
1570 4415 1618 4455 re·

303 4484 409 4542 habuit
434 4484 464 4543 in
491 4502 571 4544 conc.
596 4485 785 4561 lugdunensi.
818 4479 1147 4561 Operamlcensionem.
1182 4520 1217 4528 -
1254 4485 1346 4545 Aliud
1383 4503 1459 4563 opus
1490 4502 1619 4563 magnae

303 4592 386 4631 auam
403 4574 531 4633 contulit
553 4575 585 4633 in
605 4574 790 4633 reformanda
806 4576 944 4634 Carmeli·
957 4595 960 4650 3
972 4573 1113 4635 utilitatis
1137 4580 1183 4633 est
1200 4576 1265 4650 ejus
1287 4592 1441 4635 sucronem
1463 4575 1619 4634 bibliorum

343 4790 359 4841 ¹t
375 4780 415 4835 Cl.
431 4779 540 4835 Denifle
553 4780 761 4835 chartularium
771 4780 848 4835 rrnir.
859 4756 960 4851 peria!
1012 4788 1030 4836 Ι1
1045 4781 1087 4834 t't'.
1101 4780 1241 4849 quaedam
1263 4798 1296 4835 en
1319 4795 1352 4835 eo
1374 4778 1451 4833 edita
1471 4797 1489 4833 a
1507 4778 1620 4833 Denitie

302 4853 321 4915 l,
337 4856 494 4908 lbttarruot.
510 4858 533 4913 1.
574 4890 580 4901 ·
972 4852 1261 4916 screnitatis-52.
