3542 5350
328 293 390 350 933
447 279 632 333 1376-1400.
645 274 743 331 Theol.
756 279 813 346 pol.
823 278 955 334 Controv.
965 275 1193 346 decouceptioue
1202 275 1287 332 uio.
1296 276 1515 332 deMontesono.
1568 297 1620 350 634
1733 361 1734 364 Ἴ

326 462 425 520 Bonae
447 461 514 537 Spei
539 459 702 543 (Nomencl.
718 463 774 534 112,
792 461 848 547 49)
864 467 966 543 Mopsi
993 462 1112 522 niceam
1122 464 1285 523 multorum
1295 463 1555 522 Christifidclium.
1572 465 1622 522 lta·

322 551 889 626 prophetoelt'lioeoiaiodeimmaculata
897 555 964 613 Dei·
993 569 1051 627 que
1074 551 1255 611 universitas
1272 556 1303 610 et
1321 553 1475 628 episcopus
1499 553 1583 628 paris.
1597 553 1623 611 in
1733 551 1734 620 ἶ

324 659 414 715 perae
438 640 637 715 conceptione,
664 643 843 719 Antverpiec
870 653 965 706 1665.
993 660 1057 699 eam
1087 640 1188 700 invehi
1214 641 1392 700 debuerunt.
1424 641 1507 711 Quod
1532 643 1557 700 si
1579 641 1623 701 Jo·

325 728 441 788 Prcdiit
456 729 512 788 sub
525 729 645 788 nomine
656 730 966 806 Compendiiveritatis
993 747 1102 788 annes.
1121 775 1126 788 .
1144 775 1150 786 .
1167 731 1386 806 propositiones
1394 749 1464 790 suae
1471 731 1624 790 monitione
1733 799 1734 810 χ

325 819 362 876 de
391 818 582 876 immaculate
603 820 793 895 conceptione
818 822 845 879 b.
870 821 902 880 V.
934 821 966 880 in
993 819 1154 895 praemisse
1168 822 1342 890 revocasset,
1368 818 1503 896 quaestio
1528 820 1624 878 fuisset

324 907 504 966 bibliothece
526 908 659 966 llariena
680 908 763 967 Petri
783 911 820 968 de
837 911 911 968 Alae
935 913 967 969 et
993 907 1084 966 linita.
1109 911 1150 966 At
1165 913 1268 967 eontra
1283 927 1315 968 se
1330 910 1480 986 purgabat
1495 927 1625 986 ereugus
1733 921 1734 968 1

324 997 461 1072 Astorga,
499 997 614 1055 Metriti
658 1008 749 1064 1648.
796 999 851 1058 Hic
887 999 964 1058 idern
992 999 1039 1056 ter
1054 1001 1217 1073 posteaque
1232 999 1352 1076 aufugit
1367 998 1533 1074 provocatis
1550 997 1585 1057 ad
1599 1017 1625 1056 se
1733 1055 1734 1064 ,

324 1086 424 1160 praelo
439 1085 588 1144 commisit
603 1086 807 1161 Deserucrium
823 1107 877 1147 seu
894 1107 965 1164 apo·
992 1086 1190 1162 adjuvandum
1200 1085 1312 1146 ordinis
1318 1086 1520 1163 superioribus
1527 1086 1624 1168 ¹)·etc

323 1173 432 1252 logiam
457 1193 511 1249 pro
535 1175 725 1235 immunitate
753 1176 783 1234 V.
808 1177 918 1236 hieriae
948 1196 966 1235 a
993 1173 1128 1234 Facultas
1145 1175 1311 1252 theologice
1333 1195 1400 1234 eum
1423 1175 1507 1252 prius
1521 1179 1625 1235 secreto

324 1265 442 1338 peceato
465 1263 605 1340 originali
627 1266 660 1323 in
675 1265 706 1323 ll.
725 1276 741 1328 5
759 1265 889 1325 divisum
905 1267 926 1326 J
933 1285 963 1325 o·
991 1263 1117 1328 monuit.
1133 1267 1202 1324 turn
1219 1268 1251 1324 et
1265 1265 1393 1342 publice,
1410 1269 1505 1324 uteas
1514 1283 1626 1324 revoca·
1733 1281 1734 1310 ³

323 1353 435 1410 anuis
480 1352 625 1412 Vitalis
664 1354 789 1430 Hispani
836 1356 965 1416 doctoris
992 1356 1046 1424 ret,
1079 1353 1129 1411 sed
1161 1355 1287 1414 trustra:
1319 1353 1388 1413 hinc
1417 1357 1449 1414 et
1478 1355 1627 1430 epiecopus
1733 1355 1734 1428 ζ

323 1441 495 1517 parisiensis
517 1446 549 1500 et
563 1442 694 1502 ministri
714 1445 892 1519 provinciae,
909 1445 964 1504 ho·
992 1441 1078 1517 paris.
1097 1442 1201 1502 Petrus
1223 1442 1260 1502 de
1276 1443 1437 1521 Orgemont
1459 1443 1491 1501 in
1505 1447 1627 1502 asserto·

323 1531 405 1589 ranii
426 1540 517 1600 1665,
542 1531 621 1606 quod
637 1536 683 1591 est
700 1536 804 1591 contra
817 1534 964 1592 Joannam
992 1550 1039 1590 res
1054 1531 1173 1590 illarum
1196 1533 1433 1608 propositionum
1456 1533 1626 1592 sententiam

310 1619 361 1678 'de
375 1613 710 1702 nonusonofflonqon)
721 1622 753 1680 Ο.
765 1623 868 1681 Praed.
884 1624 964 1699 ejus·
991 1619 1193 1696 promulgavit
1215 1621 1544 1690 excommunicationis;
1567 1620 1628 1680 uni·

324 1726 382 1783 que
397 1709 530 1767 asseclas.
546 1708 603 1768 Hic
617 1711 716 1786 patria
730 1715 794 1769 erat
808 1714 964 1789 drogonus
991 1709 1117 1768 versitas
1142 1728 1211 1770 vero
1233 1711 1270 1769 ad
1290 1729 1393 1770 omnes
1408 1710 1518 1773 Christi
1534 1709 1628 1768 fideles
1733 1739 1734 1744 1

323 1796 360 1855 de
375 1796 506 1869 Moneon,
525 1797 674 1858 Valentino
694 1799 864 1859 cathedram
879 1801 963 1861 theo·
991 1797 1132 1857 adversus
1149 1817 1262 1858 errores
1282 1801 1447 1860 atmodum
1464 1798 1628 1876 agendi-lo.
1733 1825 1734 1836 ¹

268 1949 274 1963 ‚
322 1885 419 1962 logice
434 1886 642 1948 moderebatur
656 1888 688 1947 in
697 1907 792 1964 eaque
806 1907 844 1947 as.
862 1889 963 1949 literas
991 1885 1027 1945 de
1058 1888 1230 1948 Montesono
1261 1888 1345 1948 dedit
1369 1889 1482 1958 literas,
1505 1907 1628 1962 quarum

322 1974 589 2052 interpretabatur:
612 1977 681 2036 inde
701 1978 832 2037 Parisios
854 1979 964 2038 missus
991 1979 1141 2036 sectorem
1157 1995 1173 2035 e
1189 1977 1303 2036 dicendi
1317 1976 1627 2054 generaconjicitlie·

322 2067 369 2122 est
390 2064 427 2122 ad
450 2067 612 2125 sententies
635 2066 775 2144 legendas
796 2071 886 2144 etque
901 2087 963 2126 ma·
990 2065 1179 2125 nifleesee
1201 2067 1354 2125 Petrum
1377 2066 1414 2125 de
1430 2066 1556 2136 illisce,
1581 2065 1629 2140 qui

321 2153 439 2229 gisterfi
461 2154 595 2214 lauream
615 2155 849 2231 promerendam,
871 2175 963 2232 quam
992 2155 1092 2222 ,sicut
1100 2173 1223 2231 semper,
1241 2156 1353 2215 evomit
1368 2155 1453 2214 virus
1462 2154 1628 2214 acerbitatis
1733 2179 1734 2188 ¹

322 2245 353 2300 et
367 2242 499 2301 obtinuit
517 2251 610 2308 1387.
643 2244 731 2312 ,dem
751 2264 822 2305 vero
845 2245 876 2304 in
900 2247 963 2304 suis
990 2261 1060 2302 suae
1075 2247 1343 2319 temperamentum
1357 2245 1525 2304 nescisne‘
1542 2243 1629 2303 Jcen·
1733 2219 1734 2281 l

320 2331 465 2407 resperiis
480 2332 636 2408 primaque
657 2334 782 2394 lectione
797 2334 963 2412 magistrali
990 2349 1042 2391 nes
1059 2333 1180 2392 interim
1204 2334 1380 2411 confugeret
1395 2333 1577 2392 Arenionem
1595 2331 1629 2391 ad
1733 2403 1734 2412 χ

320 2421 570 2496 pronunciaverat
605 2432 642 2485 14
681 2423 854 2494 sententias,
886 2443 962 2500 quae
990 2421 1170 2481 Clementem
1186 2422 1258 2493 Vll,
1282 2423 1381 2497 quiet
1403 2422 1629 2482 universitatem
1733 2475 1734 2480 ,

320 2509 510 2569 universitati
536 2511 691 2587 parisiensi
709 2513 780 2588 jure
800 2512 961 2589 displicue·
988 2510 1239 2571 adsuumcitavit
1254 2512 1397 2571 tribunal.
1413 2511 1490 2570 Hinc
1505 2511 1563 2571 illa
1577 2510 1629 2568 mi·

320 2602 401 2657 runt.
418 2600 500 2658 Inter
515 2617 589 2675 quas
606 2604 734 2676 quatuor
748 2601 888 2677 inprime
903 2603 961 2661 lec·
989 2599 1029 2658 sit
1043 2599 1082 2658 a'd
1097 2599 1277 2660 Clementem
1293 2599 1356 2660 VIL
1372 2601 1564 2680 legationem,
1581 2618 1629 2658 cu·

320 2687 402 2746 tione
417 2688 583 2765 magistrali
600 2691 811 2765 pronunciatus
831 2692 961 2768 pertine-
984 2690 1036 2764 jus
1052 2692 1142 2765 caput
1157 2693 1222 2749 erat
1236 2690 1343 2752 Petrus
1353 2690 1521 2751 deAllieco.
1539 2691 1630 2751 Causa

320 2776 394 2835 bant
408 2777 445 2835 ad
461 2780 680 2853 conceptionem
692 2780 718 2839 b.
730 2781 838 2840 hieriae
847 2781 880 2840 V.
897 2782 960 2840 [mo
988 2796 1041 2854 per
1056 2796 1168 2838 sunum
1183 2782 1215 2837 et
1230 2780 1312 2838 ultra
1336 2798 1465 2856 expensa
1478 2778 1630 2851 dormtum

320 2864 357 2924 de
380 2866 435 2925 ille
457 2868 649 2943 conceptione
671 2869 717 2928 Jc.
734 2870 770 2928 de
786 2870 960 2929 Montesono
988 2868 1151 2942 parisiense
1166 2868 1225 2927 fuit
1240 2868 1446 2928 confirmatum
1469 2872 1502 2927 et
1517 2886 1630 2929 ercom-

319 2973 433 3015 errores
448 2956 562 3015 similes
583 2958 786 3035 promulgavit
801 2960 959 3029 erroribus,
987 2957 1196 3017 muricationis
1222 2957 1372 3017 sententia
1400 2958 1461 3017 late
1486 2966 1540 3021 27.
1565 2956 1630 3017 Jen.

319 3062 394 3119 quos
409 3044 569 3104 emiserant
589 3051 659 3105 ante
674 3067 698 3105 a
717 3056 757 3111 25
778 3048 839 3107 duo
853 3050 961 3107 tratres
992 3053 1073 3109 1389
1099 3046 1131 3103 in
1154 3046 1309 3116 Joeunem,
1335 3048 1388 3124 qui
1410 3046 1534 3105 interim
1556 3049 1630 3106 Ave·

319 3133 959 3214 ejusdemord.Prosequsntclitsdelprop.
987 3134 1076 3193 nione
1107 3134 1263 3213 aufugerat
1292 3136 1324 3194 in
1350 3136 1540 3213 hregcniam,
1572 3134 1630 3195 imo

319 3223 959 3301 praesertimegebatur.Sidodelllontesono
987 3224 1154 3283 securitatis
1170 3225 1269 3302 gratia
1284 3225 1332 3283 vel
1347 3225 1380 3283 in
1395 3224 1542 3285 Siciliam:
1564 3242 1631 3283 nem

318 3312 444 3388 ejusque
453 3312 586 3373 fautores
600 3313 633 3371 in
642 3314 746 3373 ordine
755 3317 876 3373 tantum
892 3334 959 3391 pro·
986 3312 1090 3371 relicte
1114 3313 1282 3373 obedientia
1306 3313 1464 3373 Clementis
1489 3312 1555 3373 VII.
1581 3312 1630 3371 ed·
1733 3372 1734 3377 ,

318 3400 389 3460 fessi
398 3405 500 3461 essent
508 3402 536 3460 b.
547 3401 701 3479 Virginem
711 3407 885 3479 conceptam
895 3422 960 3463 esse
987 3402 1083 3461 haesit
1104 3402 1221 3461 Urbano
1238 3402 1284 3461 VI.
1317 3403 1442 3478 Propter
1466 3402 1545 3462 hauc
1566 3403 1631 3477 ejus

318 3490 350 3549 in
374 3493 494 3567 peccato
518 3491 664 3568 originali,
696 3494 770 3551 hinc
794 3493 959 3568 propositio
988 3508 1169 3567 suorumque
1199 3492 1379 3551 asseclarum
1403 3490 1576 3567 opinionem
1601 3494 1631 3547 et

316 3578 465 3638 indemnis
480 3579 611 3651 abiisset,
628 3599 695 3639 cum
706 3581 758 3640 alii
774 3581 913 3657 aequales
928 3586 960 3641 et
986 3579 1019 3637 in
1034 3598 1070 3638 ee
1085 3581 1300 3639 contumaciam
1324 3580 1467 3658 greritnm
1483 3580 1631 3639 molestiis

316 3671 517 3728 antecessores
532 3668 611 3727 idem
620 3670 829 3740 sustinuerint,
846 3674 959 3730 ettunc
985 3668 1084 3728 vexati
1100 3673 1172 3728 aunt
1187 3670 1301 3729 sodales
1318 3670 1430 3728 ordinis
1445 3669 1630 3743 praedicato·

316 3757 461 3833 temporis
484 3775 545 3817 non
565 3758 657 3817 fucrit
679 3759 757 3819 illud
772 3759 809 3819 de
824 3761 958 3820 articulis
985 3777 1052 3817 rum
1068 3776 1121 3833 per
1136 3758 1297 3829 Franciam,
1315 3759 1388 3819 adeo
1404 3761 1440 3817 ut
1453 3758 1492 3817 ab
1508 3760 1632 3818 nniver-

317 3846 394 3915 tidei,
410 3850 446 3904 ut
460 3845 618 3905 induceret
627 3866 809 3923 quemquem
818 3849 855 3907 ad
865 3868 958 3908 uuam
986 3846 1075 3906 sitete
1091 3847 1320 3908 excluderentur
1334 3852 1365 3907 et
1374 3847 1504 3923 populus
1519 3848 1632 3907 ritaret

317 3939 432 4010 partem
447 3936 544 4011 magis
554 3936 691 4011 quemad
701 3938 957 3998 aliemdeclinare.
986 3935 1239 3996 eorumecclesias.
1256 3936 1415 3996 Nonniaia
1427 3946 1510 4001 140³
1520 3940 1632 4013 mente

317 4024 497 4083 AtJoennes
507 4025 667 4099 etquidem
686 4028 813 4086 asseclae
823 4046 958 4087 asserue-
986 4024 1125 4084 Gereonio
1155 4044 1211 4101 par
1242 4028 1322 4085 inter
1344 4022 1570 4086 universitatem
1602 4034 1632 4084 et

315 4116 389 4172 runt
403 4112 643 4173 enunciationem
660 4115 709 4184 ,b
726 4116 879 4192 Virginem
895 4135 957 4176 esse
985 4113 1193 4175 Dominicenos
1210 4114 1267 4174 luit
1282 4111 1484 4195 compositall.
1508 4116 1569 4176 Pro
1585 4116 1631 4175 Jo.

315 4206 487 4277 conceptam
502 4201 566 4261 sine
581 4206 700 4279 pmceto
716 4204 875 4279 originali‘
894 4224 957 4265 esse

316 4308 453 4367 expresse
476 4294 578 4350 contra
601 4291 697 4363 fidem,
720 4292 800 4369 quod
815 4292 893 4352 idem
910 4299 957 4353 est
1025 4349 1041 4387 ,Ἰ
1058 4338 1099 4391 sta
1113 4338 1222 4393 Deuifle
1237 4339 1362 4395 Chartul'
1377 4340 1462 4410 paris·
1476 4340 1514 4393 m
1537 4346 1631 4399 486-

314 4399 348 4439 80
363 4380 476 4439 dlfflei
493 4380 718 4480 ,quicrcditb
731 4382 956 4459 vifsslneffisse
983 4388 1044 4473 533,
1065 4408 1117 4477 qui
1137 4410 1291 4479 diligenter
1313 4411 1427 4465 erhibet
1445 4381 1544 4465 omnia
1566 4416 1630 4467 eeu

315 4474 487 4545 conceptam
502 4488 565 4529 siue
580 4474 700 4546 peceato
722 4471 859 4548 originali
874 4476 956 4531 errat
983 4480 1106 4534 adhunc
1126 4496 1241 4535 causam
1261 4481 1428 4550 spectantia.
1454 4482 1495 4537 Of.
1516 4482 1555 4538 de
1577 4484 1631 4539 har

314 4559 345 4617 j„
362 4557 419 4616 fid0
434 4564 582 4635 et‘peoegt
596 4560 792 4620 mortaliter}
809 4560 851 4619 Eg
861 4563 954 4620 temo.
983 4568 1068 4605 cause
1081 4552 1167 4606 etiarn
1182 4554 1281 4618 Quetif
1294 4554 1312 4617 1,
1325 4557 1375 4611 691
1387 4570 1438 4612 se:
1453 4554 1495 4607 Fe
1505 4560 1568 4609 ret
1584 4556 1632 4615 lll.

314 4646 547 4707 reriaseuteutie
559 4648 727 4708 offendebat
739 4652 878 4720 majorem
885 4669 953 4725 per·
983 4626 1190 4764 lllffffiffifler
1202 4694 1258 4751 KL⁸
1272 4700 1297 4761 6,
1309 4700 1386 4753 1721·
1400 4694 1532 4750 &perum
1548 4696 1632 4753 Mon.

314 4742 375 4796 l0m
390 4738 607 4839 Μξνθζῧῑῑθῇθν
631 4738 665 4795 ln
686 4756 748 4812 ‘1¹¹⁸
767 4739 830 4814 lam
845 4738 954 4840 festum
982 4768 1097 4821 teecnus
1115 4765 1152 4820 ed
1172 4784 1197 4820 a.
1212 4772 1280 4823 1412
1301 4782 1391 4835 usque
1411 4766 1499 4821 vitam
1519 4769 1632 4836 produ-

313 4833 513 4903 couceptsoms
536 4827 809 4886 celebrabatur...
833 4831 864 4885 et
889 4847 952 4904 opi·
980 4837 1052 4891 risse
1065 4837 1180 4907 legitur.
1205 4838 1351 4903 Quaedam
1373 4840 1487 4907 exejus
1509 4840 1632 4909 scriptis
