3542 5350
328 325 409 381 128?
535 313 720 366 rear—1540.
733 308 760 364 S.
774 307 928 380 Scriptura.
940 308 1128 366 introductio.
1141 308 1205 364 Acl.
1217 306 1419 370 Nebrissensis,
1555 325 1637 380 1238

323 495 443 572 liuguae
460 495 568 553 latinae
585 495 794 570 componendis
812 494 916 554 sedulo
933 513 965 553 se
992 498 1092 554 torum
1123 494 1227 570 hymni
1256 514 1274 551 a
1304 494 1392 552 Petro
1422 494 1525 553 Nonio
1558 496 1639 554 Del·

324 583 477 660 impendit.
495 583 602 642 Docuit
618 587 649 642 et
662 585 764 642 literas
773 584 964 643 humaniores
992 583 1084 660 gado
1093 584 1267 660 presbytero
1276 582 1441 653 dilucidam,
1453 593 1555 652 1554;
1567 585 1638 643 (ira-

323 671 445 749 Hispali‚
469 675 535 732 tum
558 675 588 732 et
604 672 808 734 salmanticae.
839 672 964 735 Interim
993 672 1638 750 natae1541;So9mcntccxerpistolisPauli,

324 761 964 840 selectussstaregeFerdinandoCatbolico,
994 762 1082 830 Petri,
1100 761 1119 820 J
1122 762 1205 821 acobi
1221 765 1252 820 ot
1266 761 1391 820 comnis
1406 767 1638 840 necnonetpro-

324 852 377 927 qui
398 855 551 929 gestorum
575 869 699 910 suorum
724 851 879 910 historiam
895 869 964 911 oon·
991 851 1099 926 photio,
1118 851 1239 927 quaein
1254 869 1287 908 re
1302 850 1407 909 divino
1422 851 1640 929 legrmturper

310 941 466 1002 scriberet
492 936 613 1022 (1504).
645 940 750 1000 Postea
780 941 844 1017 ejus
877 959 965 1017 opera
993 939 1518 1010 anni.circulum,Granatae1516;
1540 951 1638 1009 1545;

325 1026 406 1111 (cum
420 1029 486 1088 aliis
503 1029 576 1088 viris
593 1025 733 1110 eruditis)
752 1030 797 1088 uti
815 1029 913 1090 voluit
927 1030 965 1088 li·
992 1023 1638 1090 Homiliccdiversorumauotcruminevan·

323 1123 454 1178 terarum
485 1119 638 1178 blascones
664 1119 799 1178 Ximenes
821 1118 964 1196 archiopi·
993 1118 1082 1196 golia,
1098 1138 1174 1195 quae
1190 1117 1296 1178 diebus
1305 1117 1464 1177 dominicis
1473 1117 1637 1180 decantan-

325 1226 431 1284 scopus
439 1209 589 1267 toletanus
596 1227 650 1284 pro
657 1208 788 1268 editione
797 1227 867 1267 snae
875 1209 964 1285 Poly·
992 1213 1052 1277 tur,
1068 1206 1183 1268 recisae
1199 1226 1267 1266 cum
1282 1206 1476 1283 expositione,
1486 1208 1530 1266 ib.
1545 1219 1639 1272 1549:

324 1298 437 1375 glottae
461 1293 493 1378 (†
511 1305 537 1360 2.
553 1295 614 1356 dul
635 1293 740 1378 1522).
772 1298 890 1375 Magnis
913 1316 964 1356 en·
994 1296 1166 1356 Sanctorum
1191 1304 1256 1355 octo
1279 1314 1331 1354 sen
1356 1296 1434 1355 vitoe
1460 1314 1531 1356 cnm
1555 1298 1638 1357 addi·

325 1386 425 1446 comiis
457 1405 524 1446 eum
556 1387 705 1462 prosecuti
745 1395 816 1446 sunt
846 1386 965 1446 eruditi.
992 1386 1125 1446 tionibus
1141 1385 1363 1463 marginalibus,
1389 1385 1533 1446 Lucronii
1553 1397 1634 1451 1527

325 1475 458 1534 Plurima
468 1476 593 1551 reliquit
601 1471 735 1557 opera¹):
751 1476 965 1552 praetermissis
993 1478 1048 1535 otc

325 1563 525 1640 grammaticis
557 1567 588 1623 et
611 1564 810 1644 philologieis,
836 1584 913 1641 quse
937 1565 964 1624 ei

326 1672 471 1714 summam
479 1653 966 1730 pepereruntnominissamcm-
1040 1652 1638 1729 603.Mentiouemquoquemsrctdoan·

324 1741 457 1818 poeticis,
474 1741 632 1813 historicis,
650 1742 819 1818 intorques
836 1744 965 1802 Docadca
993 1761 1058 1802 aes
1074 1741 1264 1802 Reuchlin
1277 1741 1398 1802 nomine
1413 1760 1521 1819 graeco
1537 1743 1637 1804 dictos

324 1830 514 1890 ducenorum
529 1831 738 1891 aFordinando
752 1837 784 1891 et
796 1832 965 1891 Elisabetha
993 1831 1154 1908 ilapnio:
1178 1831 1235 1890 etsi
1259 1830 1339 1890 enim
1353 1830 1527 1890 immediata
1543 1833 1578 1892 in
1592 1852 1639 1892 rc·

325 1921 537 1996 Hispaniarum
561 1920 681 1998 regibus
705 1925 865 1997 gestarum,
890 1939 965 1998 opus
992 1920 1049 1980 bus
1065 1920 1241 1998 theologicis
1255 1938 1316 1979 nou
1332 1921 1373 1980 sit
1387 1925 1536 1992 vorsatus,
1558 1921 1638 1981 haud

325 2011 526 2085 posthumum,
552 2009 697 2069 Gronatse
718 2020 816 2082 1545;
840 2015 871 2068 et
885 2011 965 2070 inter
992 2029 1099 2085 parum
1122 2009 1252 2069 contulit
1273 2009 1311 2068 ad
1331 2009 1566 2085 promovendam
1587 2030 1637 2088 ge·

325 2118 426 2159 rernm
435 2099 512 2176 hisp.
523 2097 571 2158 SS.
581 2099 770 2160 Francofurti
785 2105 879 2172 rste,
891 2119 965 2175 opus
992 2099 1118 2157 nuinam
1147 2117 1170 2158 s.
1201 2098 1373 2174 Scripturas
1401 2098 1637 2176 intelligentiam

325 2188 424 2266 magni
440 2187 529 2264 pretii
546 2221 589 2230 -
601 2188 738 2264 juridicis
749 2189 911 2247 etmediois
922 2224 966 2232 —
992 2188 1112 2248 cultura
1126 2188 1247 2264 linguae
1257 2187 1416 2258 hebraicae,
1432 2205 1525 2264 qnam
1536 2188 1639 2248 studio

325 2278 383 2336 huc
399 2275 518 2336 videtur
533 2278 740 2337 memorandus
757 2281 879 2354 propter
895 2297 965 2354 ope·
993 2276 1138 2336 laudabili
1152 2277 1287 2352 impense
1307 2276 1534 2347 commendavit,
1551 2277 1638 2339 fovit,

324 2386 387 2425 ram
404 2365 540 2426 collatam
556 2365 588 2424 in
603 2366 686 2425 illam
701 2367 890 2445 Polyglottoe
901 2367 964 2426 edi·
994 2365 1126 2425 diffudit:
1151 2365 1220 2425 hino
1242 2369 1328 2442 pater
1349 2365 1561 2443 grammaticae
1585 2367 1639 2426 he·

325 2455 446 2514 tionem.
463 2455 636 2530 Composuit
650 2463 708 2514 tres
723 2457 848 2516 locorum
864 2457 964 2532 Scrip-
994 2455 1110 2514 braicos
1119 2453 1199 2514 inter
1208 2455 1388 2515 Christianos
1396 2454 1504 2514 merito
1519 2456 1637 2514 saluta-

325 2552 410 2602 turoc
448 2545 674 2622 quinquagenos,
711 2564 772 2604 non
802 2544 963 2622 vulgariter
992 2548 1053 2604 tur.
1083 2544 1150 2604 Huc
1171 2548 1309 2620 spectant
1322 2544 1499 2602 Rudimcuto
1519 2546 1640 2622 lisrpuoe

326 2638 537 2705 enarratorum,
554 2651 680 2709 quarum
696 2633 772 2693 dnae
782 2638 906 2711 propter
919 2635 965 2694 ni·
992 2633 1180 2693 tcbroiccoll.
1191 2635 1220 2709 3,
1237 2633 1476 2702 Phorcae1506;
1492 2652 1638 2693 wormac·

325 2722 416 2782 mium
432 2723 599 2781 libertatem
621 2723 655 2781 in
670 2722 816 2800 carpenda
831 2724 966 2784 versione
993 2724 1115 2782 toriolus
1130 2722 1167 2781 ad
1180 2723 1351 2782 discendam
1367 2722 1499 2799 liugnam
1514 2722 1637 2781 hebrai·

325 2812 448 2889 vulgata
464 2830 636 2889 suppressae
652 2811 797 2889 increper
812 2830 965 2873 censuram
993 2830 1064 2882 cam,
1081 2811 1234 2890 Tubingae
1255 2821 1354 2883 15123
1385 2814 1420 2870 dc
1434 2812 1596 2871 accentibus
1610 2821 1640 2871 et

326 2900 429 2960 Didaci
446 2901 537 2959 Dezae
554 2900 586 2961 0.
602 2902 650 2961 Pr.
669 2901 866 2978 inquisitoris,
883 2902 965 2962 ideo·
992 2902 1201 2977 orthographia
1223 2902 1339 2978 linguae
1351 2902 1508 2976 hebraicae,
1534 2900 1640 2979 Hage-

325 3009 383 3066 que
408 2990 531 3065 periisse
555 2989 703 3061 videntur,
728 2991 817 3049 tertia
846 2996 966 3050 tantum
992 3007 1066 3049 noae
1085 2993 1245 3060 1518etc.,
1263 3009 1338 3066 quae
1348 2990 1497 3049 modernis
1512 3009 1641 3067 quoque

325 3078 542 3139 interveniente
558 3079 669 3138 mitiori
685 3098 810 3139 censura
825 3080 965 3151 Ximenis,
993 3080 1192 3157 grammaticis
1219 3079 1363 3139 hebraicis
1384 3080 1453 3139 usui
1475 3097 1541 3137 esse
1563 3100 1642 3155 pos-

326 3168 427 3228 Didaci
444 3170 474 3247 in
491 3187 524 3227 eo
537 3188 659 3228 munere
669 3170 845 3228 successoris
855 3174 885 3229 et
895 3188 964 3229 auo·
993 3169 1066 3227 sunt
1073 3164 1106 3250 ¹).
1114 3169 1241 3228 Natusis
1249 3168 1642 3229 estPforuhsimii22.I·'ebr„

324 3258 399 3316 toris
424 3258 519 3318 nostri
544 3256 676 3327 fautoris,
702 3258 888 3333 alphabetico
904 3258 964 3317 dis·
997 3266 1090 3321 1455.
1106 3257 1221 3318 Studiis
1236 3257 1489 3325 vocavitParisiis,
1497 3257 1644 3317 Basileus

325 3346 430 3423 posita,
447 3345 557 3423 prodiit
572 3345 693 3405 Parisiis
713 3356 805 3419 1520,
827 3366 903 3423 opus
918 3349 964 3407 in·
992 3345 1118 3423 aliisqne
1139 3347 1172 3405 in
1194 3346 1369 3407 civitatibus
1391 3345 1564 3405 illustribus
1582 3349 1641 3406 ad·

324 3436 422 3513 gentis
453 3436 629 3495 eruditionis
654 3436 863 3496 curiosissimis
896 3456 963 3513 pro·
993 3436 1140 3495 discendis
1156 3436 1269 3513 linguis
1291 3453 1411 3513 graecae
1433 3438 1464 3493 et
1477 3434 1645 3496 hebraicae

325 3526 459 3585 sanorum
476 3526 656 3601 scriptorum
672 3524 863 3585 citationibus
873 3526 965 3585 refer·
992 3525 1118 3585 maxime
1140 3526 1285 3584 intentus.
1315 3525 1362 3583 Ab
1377 3522 1528 3583 Eberardo
1543 3524 1648 3585 Wfir·

324 3617 399 3683 tum,
425 3615 455 3673 in
480 3633 539 3691 quo
562 3614 732 3673 testimonia
754 3632 776 3673 s.
794 3614 965 3691 Scripturas
992 3615 1160 3691 tombergae
1191 3614 1296 3673 comite
1325 3615 1362 3672 ad
1386 3614 1487 3690 gravia
1512 3617 1650 3690 negotia

325 3722 472 3779 exponens
492 3704 636 3763 rationem
653 3703 742 3763 hebet
757 3708 856 3764 textus
873 3704 963 3782 origi·
992 3703 1121 3782 gerenda
1137 3722 1224 3780 saepe
1238 3702 1299 3761 fnit
1314 3702 1465 3761 adhibitus
1480 3705 1512 3760 st
1526 3703 1566 3760 ab
1580 3705 1649 3763 im·

324 3792 963 3870 nalis;Bcsileae1543;oumAngeliCa·
993 3796 1127 3869 peratore
1158 3793 1256 3851 dictus
1286 3810 1382 3851 comes
1412 3791 1580 3867 palatinus.
1620 3799 1652 3853 Δ

325 3880 410 3939 nini
425 3880 497 3939 locis
514 3881 658 3941 hebraicis
675 3882 709 3944 N.
726 3882 766 3952 T,
783 3882 965 3958 Antverpiae
991 3884 1130 3959 Philippo
1153 3883 1279 3942 electore
1300 3882 1435 3957 palatino
1456 3881 1575 3939 electus
1594 3891 1653 3943 est

331 3980 411 4032 1600
429 3970 461 4027 in
479 3978 516 4039 8.,
533 3973 565 4028 et
580 3976 732 4047 receptum
751 3972 831 4030 inter
846 3972 964 4032 criticos
991 3972 1023 4029 in
1040 3972 1244 4049 paedagogum
1258 3970 1390 4029 liliorum
1403 3988 1534 4030 suorum
1549 3970 1653 4049 Mag·

326 4076 424 4116 sacros
449 4058 551 4135 anglos
567 4060 701 4131 concini,
725 4060 910 4121 Franoofurti
935 4065 966 4119 et
992 4079 1061 4119 nam
1079 4079 1197 4136 quoquo
1207 4080 1327 4137 operam
1336 4058 1481 4136 impendit
1490 4063 1656 4123 eruendis

325 4148 537 4206 Amstelodami
553 4167 675 4207 excusos
691 4156 711 4207 t.
730 4158 758 4213 8.
780 4150 963 4225 llgcmnorum
1433 4144 1437 4149 ’

325 4239 477 4313 recognitio
501 4255 568 4295 cum
591 4256 679 4297 aurea
701 4238 823 4298 illorum
847 4240 961 4316 exposi·
1286 4300 1292 4311 ,
1431 4301 1487 4313 ,,
1621 4308 1629 4318 ,

326 4325 422 4385 hone:
439 4326 583 4385 accedunt
598 4327 736 4386 nonnulli
750 4328 865 4405 proprii
881 4348 963 4387 sanc.
993 4301 1114 4427 Viliiil.
1124 4301 1657 4434 &mailykhffinlssgfflffffi-lff

993 4448 1060 4501 118:
1083 4444 1224 4500 Reuchlin
1236 4444 1288 4497 hat
1300 4444 1356 4498 dea
1369 4445 1659 4516 unvergllngliohen¹

367 4524 382 4580 Ι]
398 4512 581 4569 Euoccurate
600 4518 726 4569 recenset
745 4514 808 4569 Nic.
822 4515 965 4569 Antonius
992 4515 1086 4569 Ruhm
1117 4516 1148 4569 in
1170 4514 1365 4570 Deutachland
1395 4516 1446 4569 das
1475 4518 1661 4587 cigentlich

324 4585 397 4640 Bibl.
417 4586 490 4657 hisp.
511 4605 539 4641 n.
559 4587 579 4649 Ι,
598 4590 729 4645 132-39.
755 4585 797 4641 ef.
817 4587 965 4641 Fabricius
992 4586 1262 4641 wissenschaftliche
1287 4586 1422 4641 Studium
1446 4586 1498 4639 des
1519 4589 1661 4653 Helm—ai.

326 4658 360 4722 V,
372 4663 421 4715 912
444 4656 540 4711 Hesele
561 4656 632 4711 KL.²
652 4663 675 4721 1,
690 4662 757 4717 989:
779 4656 876 4727 Dupin
890 4658 963 4723 XIV,
992 4658 1078 4713 schen
1102 4659 1137 4712 be
1174 4658 1263 4713 undet
1287 4676 1322 4711 au
1348 4659 1449 4717 haben.
1474 4658 1570 4713 Scine
1603 4670 1663 4725 h&

325 4734 386 4785 120.
399 4728 424 4783 J.
438 4728 469 4781 B.
482 4729 584 4783 Mufion
607 4728 708 4799 Elegio
729 4729 763 4783 de
776 4731 808 4782 A.
829 4730 864 4782 de
886 4729 914 4784 t.
932 4729 963 4782 in
991 4730 1119 4784 braischo
1165 4729 1319 4783 ramactik
1338 4732 1422 4785 nebst
1439 4728 1663 4797 worurbuea
1754 4773 1755 4784 ,

325 4799 476 4855 Memoriae
495 4801 530 4855 de
551 4802 618 4855 real.
640 4800 718 4854 acad.
739 4801 773 4854 de
794 4800 902 4855 labist.
916 4801 963 4865 Ill,
990 4800 1029 4855 ist
1048 4801 1098 4855 das
1120 4806 1193 4855 erate
1218 4800 1408 4873 vollstdndige
1428 4799 1665 4873 Lehrgebnude
1754 4847 1755 4856 ,

326 4874 422 4929 1—30.
991 4873 1083 4926 dieser
1095 4871 1229 4942 Sprache,
