3542 5350
178 297 241 352 385
511 277 641 347 Lapacci.
656 277 819 348 Disputatio
832 277 868 331 de
882 278 985 331 Christi
1001 278 1148 348 sauguine.
1424 294 1484 348 335

225 473 298 527 136.
313 464 640 522 Bartholomaeus
655 463 815 539 Lapaeci,
843 462 922 523 idem
939 467 985 523 est
1000 459 1485 541 cumJaoohodePetris(Petri)

176 552 396 622 summanus,
422 553 626 612 Bimbertinus
650 553 699 612 vel
724 552 816 612 Uber·
845 553 878 615 0.
886 553 988 616 Pracd.
998 553 1139 612 brixiensi
1161 553 1485 630 theologiaemagisti·0,

175 643 272 711 tinus,
294 642 343 700 rel
362 642 539 717 simpliciter
561 643 597 700 de
618 642 770 701 Florentia
800 661 819 702 a
844 643 893 701 eui
908 643 1024 718 aliquot
1039 661 1129 720 opera
1145 639 1280 725 (inedita)
1298 641 1485 700 tribuuntur.

175 730 388 807 patrindictus,
396 731 672 793 Ecclesiaesec.XV.
679 731 817 790 columen
845 731 901 790 liic
916 731 1027 792 Jacobo
1043 731 1079 791 de
1096 731 1223 790 ldarohia
1239 731 1271 790 O.
1283 731 1352 793 ltin.
1368 729 1486 806 publice

174 821 237 880 tuit
250 819 335 895 juxta
345 820 450 889 Quetit
461 821 687 897 acpraeclarum
704 819 817 880 ordinis
844 821 1035 897 praedicanti,
1068 820 1166 879 susum
1197 821 1229 879 iu
1260 837 1344 878 cruce
1376 819 1486 878 Christi

175 928 199 970 s.
219 909 364 968 Domiuiai
385 912 417 967 et
437 910 502 969 aevi
524 911 571 968 sni
597 910 690 972 sidus.
720 910 818 968 Natus
847 909 965 968 Domini
982 909 1160 986 sauguinem
1175 909 1273 968 triduo
1286 909 1392 967 mortis
1409 908 1485 968 divi-

175 1002 225 1056 est
239 1018 265 1056 a
287 1009 377 1060 1399.
395 999 514 1057 Scholin
522 999 632 1058 rexisse
642 998 817 1076 diligenter·
845 1000 934 1057 nitati
957 1017 1016 1057 nou
1040 1000 1182 1058 meurisse
1206 999 1407 1074 conjunctum,
1431 1017 1485 1056 neo

174 1105 236 1162 que
250 1090 372 1162 petrum
388 1087 488 1147 studio
498 1088 671 1148 incubuisse
686 1087 816 1157 ridetur,
845 1087 947 1146 triduo
957 1088 1010 1147 illo
1021 1086 1314 1158 fuissoadorandum,
1332 1087 1486 1146 mandevit

173 1195 248 1236 nam
273 1176 354 1235 iuter
376 1175 477 1236 decem
502 1178 655 1254 theologos
677 1197 713 1236 ex
734 1181 819 1252 parte
844 1180 881 1235 ut
895 1195 1024 1236 errorem
1045 1181 1211 1236 revocaret:
1235 1176 1294 1236 nisi
1317 1195 1407 1253 quam
1423 1177 1483 1252 pri·

173 1265 818 1343 Iatiuorumselectos,quicumGracciecon·
844 1285 927 1324 mum
943 1269 1070 1342 pareret,
1093 1267 1170 1326 diem
1193 1285 1290 1326 coram
1316 1285 1371 1325 suo
1387 1265 1485 1324 tribu·
1558 1273 1563 1282 '

175 1355 294 1414 terrent
302 1353 338 1414 de
347 1355 464 1414 decreto
474 1355 596 1414 unionis
606 1360 637 1414 et
646 1355 818 1414 concordiae
844 1355 906 1414 nali
922 1355 958 1414 de
974 1355 1030 1413 fide
1045 1373 1225 1432 responsuro
1241 1355 1323 1414 dixit.
1346 1355 1422 1414 liius
1438 1355 1485 1412 vel

173 1443 818 1520 formando‚etipssceuseturtuisse.Joanui
843 1444 875 1504 in
892 1444 1486 1520 populonatndiscordia‚aliishlinoritis

174 1533 214 1592 de
231 1532 455 1592 Turrecremsta
470 1533 502 1592 in
511 1552 635 1592 munere
645 1534 782 1610 magistri
794 1552 817 1596 e.
844 1533 1025 1602 terentibus,
1036 1533 1104 1593 aliie
1115 1534 1316 1593 Dominicanis
1324 1533 1483 1592 adhaeren-

173 1622 280 1699 palatii
296 1622 447 1681 successit
464 1623 572 1682 ltissus
589 1623 658 1681 dein
674 1622 734 1681 tuit
749 1641 817 1682 cum
844 1623 936 1681 tibus.
966 1622 1025 1680 lias
1040 1623 1145 1682 turbas
1168 1627 1203 1682 ut
1218 1621 1335 1682 sedaret
1350 1622 1422 1681 Pius
1437 1623 1484 1682 ll..

173 1711 256 1772 card.
265 1711 420 1770 Francisco
436 1712 703 1788 legatoaleterein
714 1711 817 1771 Orien·
844 1712 1046 1786 quaestionem
1058 1712 1095 1770 ad
1105 1731 1192 1772 suurn
1202 1711 1337 1772 evomuit
1350 1711 1486 1770 tribunal

172 1807 236 1860 tem
253 1803 287 1858 et
300 1799 398 1859 dictus
407 1801 564 1878 episcopus
574 1801 754 1870 coronensis,
765 1800 819 1860 ubi
844 1805 876 1860 et
901 1801 1058 1876 judicium.
1090 1803 1131 1860 Ex
1162 1801 1310 1860 Minorem
1341 1801 1484 1863 familia¹l

174 1889 346 1966 disputarit
360 1907 427 1947 oum
443 1889 555 1949 famoso
564 1891 660 1948 liarco
669 1889 818 1965 Ephesiuo
845 1895 1077 1966 comparuerunt
1100 1890 1273 1949 Freuciscus
1299 1889 1335 1948 de
1361 1891 1484 1950 Sasona.

172 1978 318 2039 acerrimo
333 1977 501 2038 mvemario
510 1979 631 2038 unionis
641 1979 816 2038 Graecorum
844 1979 1116 2054 poeteaeardiualie
1123 1978 1160 2037 de
1168 1979 1197 2036 la
1205 1980 1315 2040 Revera
1325 1981 1356 2038 et
1364 1979 1484 2038 demum

172 2087 243 2128 cum
251 2067 817 2131 hatinieinitaeineoucilioflorentino.
843 2067 979 2144 pontifex
1003 2067 1104 2128 Sixtus
1129 2069 1187 2138 1v.‚
1215 2064 1352 2150 (secundi
1377 2086 1485 2127 nomen

173 2157 328 2232 Occupato
341 2156 474 2216 a'l'urcis
482 2157 602 2216 Graecia
616 2157 715 2216 sedem
732 2175 815 2216 suem
843 2153 974 2237 meatur)
998 2160 1029 2215 et
1051 2157 1219 2216 Guilelmus
1240 2156 1418 2232 Vorilongus
1435 2152 1483 2235 (ot.

172 2246 540 2321 relinqueraestcoactus.
557 2247 817 2306 HiucFloreutiam
844 2266 872 2323 p.
905 2240 990 2327 625).
1024 2246 1243 2322 Disputationis
1274 2247 1484 2322 argumentum

172 2335 302 2394 secessit
313 2334 418 2410 ibique
431 2335 659 2398 decessitlttt.
671 2335 714 2393 Ex
727 2336 816 2395 tr.Jo.
844 2338 921 2394 erat:
938 2335 1045 2394 Utrum
1061 2335 1185 2412 sanguis
1201 2335 1310 2394 christi
1325 2333 1437 2393 effusus
1452 2335 1484 2392 iu

172 2424 367 2484 delambere
382 2424 527 2486 0.Praed.
545 2424 779 2502 (utsuprapttt
791 2421 816 2506 1)
844 2443 930 2484 ornae
961 2427 991 2483 et
1015 2425 1046 2483 in
1068 2425 1268 2510 resurretione
1289 2422 1484 2484 resumendus

171 2512 305 2572 extraxit
320 2513 339 2571 l.
354 2513 390 2572 de
404 2513 585 2573 semibititua
598 2515 709 2573 deliciis
720 2533 816 2590 poro·
844 2514 1043 2589 permanserit
1064 2533 1205 2590 personae
1221 2513 1310 2573 Verbi
1334 2512 1484 2572 adunatus

171 2603 234 2662 diei
248 2607 388 2679 respectu
402 2601 538 2662 omnium
554 2604 733 2663 ettenorum
749 2622 816 2663 seu-
844 2607 881 2662 ut
897 2621 1004 2679 corpus
1020 2604 1085 2681 ejus
1107 2603 1139 2662 in
1155 2603 1289 2680 sepulcro
1306 2602 1401 2662 eidem
1418 2619 1483 2678 per-

171 2711 266 2752 suum
283 2693 546 2768 corporishumani
560 2693 705 2769 inpetrie,
720 2694 816 2753 Vene-
844 2712 934 2753 sonae
950 2694 1339 2769 hypostatioeconjunotum
1346 2710 1484 2769 perman·

171 2782 225 2841 tiis
241 2791 332 2845 1408.
349 2781 482 2855 Reliquit
497 2779 650 2864 (ineditos)
666 2788 818 2858 praeterea
844 2783 892 2845 sit.
924 2782 1093 2859 Disputatio
1117 2782 1216 2841 tribus
1247 2782 1352 2841 ‹liebus
1373 2782 1484 2857 agitata

170 2888 334 2940 sermones,
346 2874 534 2931 tractatusut
548 2871 586 2931 de
598 2872 727 2948 Spiritus
735 2893 757 2932 s.
772 2872 816 2932 di·
844 2876 891 2931 est
922 2871 995 2931 adeo
1026 2872 1172 2941 ardenter,
1204 2875 1239 2931 ut
1269 2872 1367 2930 media
1388 2870 1484 2929 hieme

170 2960 503 3019 etinctioneallilioetc.
519 2964 551 3020 et
563 2965 600 3020 tr.
614 2962 816 3040 desanguinis
844 2961 1033 3036 disputantes
1048 2961 1081 3018 in
1097 2960 1234 3019 sudorem
1255 2960 1483 3019 resolverentur.

170 3049 386 3126 pretiosissimi
401 3049 532 3108 crucifixi
553 3050 710 3111 divinitate
725 3052 763 3111 ed
778 3071 815 3111 ss.
843 3050 1053 3125 Disputatione
1077 3050 1175 3109 soluta
1197 3050 1269 3108 Pius
1284 3048 1321 3107 11.
1345 3048 1484 3107 omuibus

169 3158 284 3216 papam
307 3138 392 3197 Pium
410 3133 483 3217 (IL).
512 3138 590 3198 Haec
615 3142 817 3201 controversia
843 3139 919 3198 bene
950 3139 1090 3215 expensis
1123 3139 1222 3197 noluit
1251 3138 1483 3199 controversiam

170 3233 249 3289 tuno
264 3228 410 3305 temporis
426 3228 534 3287 acriter
549 3228 722 3305 agitabatur
736 3230 816 3289 inter
842 3229 1041 3305 peremptorie
1073 3228 1220 3297 dirimere,
1261 3227 1312 3286 sed
1338 3227 1370 3284 iu
1401 3226 1483 3285 aliud

169 3315 815 3394 theologoaord.llinorumetDominicanos.
842 3322 962 3393 tempus
993 3316 1172 3377 decisionem
1204 3316 1331 3387 distulit,
1363 3314 1481 3374 iuterim

171 3408 252 3466 Hinc
276 3406 378 3465 habita
408 3410 455 3465 est
485 3407 609 3466 celebris
634 3410 815 3468 concertatio
842 3408 977 3484 graviter
1000 3406 1169 3483 prohibens,
1194 3423 1231 3463 ne
1253 3406 1401 3465 alterutra
1416 3422 1481 3463 sen-

170 3514 275 3555 coram
298 3495 351 3554 Pio
365 3495 404 3557 Il.
424 3495 457 3554 in
480 3496 626 3555 natalitiis
649 3497 768 3556 Domini
788 3517 815 3559 a.
842 3496 939 3555 tentia
955 3496 1261 3555 haeretioadiceretur
1276 3495 1324 3553 rel
1338 3498 1483 3552 statuere-

174 3592 270 3649 1463.
301 3584 344 3642 Ex
369 3584 473 3643 ordine
497 3604 519 3643 s.
546 3586 689 3646 Dominici
715 3587 815 3646 selecti
842 3589 894 3643 tur
909 3590 1062 3661 peccatum
1087 3603 1151 3643 esec
1173 3583 1349 3642 alterutram
1364 3581 1482 3652 tueri2t.

169 3680 257 3733 t'uere
268 3673 322 3748 qui
334 3673 673 3750 disputarenttlabriel
683 3676 812 3735 cassata·

169 3762 331 3842 gospatria
337 3763 664 3840 Barcinonensis,prior
670 3769 701 3823 et
708 3784 815 3842 regens
882 3778 900 3844 ¹)
915 3773 986 3827 Cum
999 3774 1044 3827 hie
1058 3773 1147 3827 sensit
1160 3776 1189 3825 et
1205 3771 1285 3826 stetit
1298 3770 1384 3825 etium
1399 3770 1444 3823 La
1454 3788 1483 3823 u-

170 3852 477 3923 etudiibononieneie,
492 3871 605 3912 necnon
613 3856 645 3912 et
653 3854 816 3929 inquisitor
842 3845 992 3898 fenim
1013 3844 1216 3899 mesella
1235 3842 1386 3911 et³i⁸⁰⁰lst¹⁸
1399 3842 1483 3895 ferm·
1571 3872 1573 3877 ·

168 3940 324 4019 generalis
348 3940 529 4001 vercellinus
552 3942 590 4001 de
615 3942 757 4002 Vercellis
785 3948 816 4003 et
842 3916 944 4040 {sitnm
957 3920 981 3987 (l
995 3920 1084 3999 mih
1104 3916 1187 3985 “³5³⁸
1206 3914 1334 3984 ⁰¹⁰Si¹¹m
1355 3913 1482 4015 ⁰f2³l³¹¹d

874 3988 1070 4041 iraboeuhi
1085 3986 1121 4039 Vl
1135 4006 1163 4057 p.
1178 3992 1202 4042 1.
1216 3984 1235 4040 1.
1248 3991 1273 4041 2.
1288 4004 1311 4038 o.
1326 3991 1339 4040 1
1355 4003 1383 4040 n.
1396 3990 1438 4041 23.

167 4030 305 4091 Joe⁰b¹¹⁸
320 4029 478 4100 d⁰B¹i¹i⁸2
494 4031 663 4105 inquisitor,
680 4032 814 4107 ‘illifm'te
880 4063 900 4130 ²)
915 4057 957 4113 Ol.
971 4058 1071 4123 Quetif
1083 4062 1102 4123 l,
1122 4062 1174 4115 822
1188 4076 1232 4123 se,
1254 4057 1305 4127 qui
1325 4056 1412 4111 etiam
1431 4056 1481 4109 ibi·

843 4130 907 4183 dem
921 4129 1053 4185 meminit
1066 4130 1246 4200 quorundam
1260 4130 1430 4198 scriptorum
1441 4144 1483 4182 oc·

843 4202 956 4257 canone
979 4202 1065 4269 hujus
1088 4202 1294 4255 conhorersiae
1316 4199 1483 4271 composito·

169 4272 256 4327 darer
268 4270 319 4326 der
331 4270 481 4342 spanisohe
496 4272 577 4328 Cerd.
599 4272 664 4328 Joh.
679 4290 735 4327 von
749 4274 815 4328 Tor·
843 4290 914 4337 rum,
939 4290 1012 4341 quae
1035 4272 1092 4327 fere
1114 4273 1211 4329 omnia
1231 4275 1299 4327 suut
1318 4270 1434 4336 inedita,
1456 4274 1484 4325 et

168 4342 324 4413 quemada,
339 4344 399 4398 sein
406 4344 501 4398 heheu
509 4343 569 4398 und
577 4344 814 4409 seiueSchriften,
842 4343 984 4412 quaedam
1006 4362 1038 4398 ex
1053 4344 1260 4414 disputationis
1275 4344 1344 4397 actis
1361 4344 1482 4397 exhibet.

169 4415 314 4486 Freiburg
344 4418 424 4472 11179.
460 4414 525 4469 coll.
556 4416 622 4470 dies.
654 4416 817 4488 Lenghorat
842 4416 941 4469 Refert
953 4420 1049 4469 tamen
1063 4415 1326 4471 lieonardusde
1341 4414 1436 4474 Utine.
1448 4414 1482 4466 de

168 4488 315 4541 Stimmen
336 4502 389 4540 aue
410 4486 501 4539 Maria
522 4486 616 4541 Inac'u
638 4488 814 4551 1879xv11,
843 4504 900 4557 quo
914 4502 988 4551 mox,
1001 4487 1033 4540 in
1046 4504 1097 4543 suo
1111 4490 1146 4543 tr.
1167 4488 1202 4541 de
1215 4488 1355 4557 sanguiue
1370 4485 1482 4541 Christi.

166 4561 306 4621 147-62,
328 4558 380 4626 qui
402 4560 547 4612 auctorem
567 4561 696 4613 nostrum
717 4562 815 4614 tuetur
842 4558 926 4612 Pium
942 4560 974 4612 ll.
988 4558 1017 4611 in
1031 4574 1075 4627 ep.
1096 4560 1132 4611 nd
1153 4559 1237 4629 episc.
1251 4557 1405 4628 Hispaniae
1428 4559 1482 4626 jus·

167 4630 309 4684 adsersus
331 4628 527 4685 aocumtiones
540 4646 572 4684 ac
586 4630 610 4684 si
623 4630 683 4699 ipse
697 4646 814 4701 eraggc·
842 4629 920 4693 sisae,
943 4632 976 4682 ut
998 4630 1135 4684 tratribus
1158 4629 1317 4684 Minoribus
1337 4629 1434 4683 liceret
1454 4628 1482 4680 iu

166 4700 279 4756 averit
292 4700 437 4770 pontificis
450 4703 620 4771 potestatem
632 4719 700 4772 prae
710 4701 815 4785 episco·
842 4718 894 4755 sua
907 4702 1049 4754 sententia
1063 4704 1197 4771 perstare,
1221 4700 1287 4753 aliis
1301 4716 1366 4755 rero
1380 4716 1438 4753 nou
1452 4698 1482 4751 li-

167 4773 225 4843 pis,
239 4774 360 4843 ejusque
373 4772 495 4831 subinde
508 4773 642 4827 emendat
654 4775 814 4843 opiniones.
842 4789 905 4827 cere
924 4772 1029 4826 eisdem
1052 4773 1254 4827 contradicere.
1279 4771 1412 4826 Schroerll
1427 4769 1481 4821 Kh.

167 4846 255 4899 Feret
267 4843 315 4908 lv,
328 4848 481 4901 asu-mu
842 4845 889 4907 Vl,
905 4848 982 4900 1153.

175 4188 331 4200 ---
