3542 5350
271 293 349 343 1011
665 277 852 331 1476-1500.
865 272 1024 345 'theologia
1038 274 1199 346 polemico..
1491 296 1577 349 1012

266 463 296 517 et
311 459 471 518 Concordia
486 460 722 523 sarabaiam
739 462 906 535 nactusque
933 459 1111 531 missionem,
1119 460 1316 537 famaeipsius
1324 462 1426 521 habita
1433 466 1480 522 est
1487 464 1575 527 ratio.

265 552 398 607 enatura
407 549 617 623 praecellentes
634 548 756 626 ingenii,
764 550 905 625 corporis,
933 549 968 609 In
984 548 1106 609 Galliam
1122 550 1272 626 profectus
1296 551 1439 628 prolixam
1455 571 1577 629 compo-

265 638 441 696 cbaracteris
455 637 548 704 dotes,
566 638 676 713 quibus
690 638 863 698 omniumin
874 656 906 698 ae
933 638 995 697 suit
1009 638 1151 699 adversus
1167 658 1227 709 eos,
1244 640 1297 716 qui
1308 640 1420 716 aliquot
1429 642 1495 717 ejus
1505 660 1576 717 pro·

264 726 457 786 convertebat
478 728 588 787 oculos.
618 726 741 787 Puellus'
753 728 815 803 jem
831 728 905 787 erni·
932 728 1094 802 positiones
1110 728 1290 805 theologicas
1315 729 1577 805 reprehenderent,

264 815 349 875 cabat
365 815 507 891 loquendi
522 814 669 886 facundie,
686 816 904 893 1111111111-
932 816 1107 894 apologiam,
1116 835 1194 892 quae
1210 822 1274 877 erat
1284 818 1368 878 labor
1379 828 1418 881 211
1430 820 1576 879 noctium.

263 905 904 983 3111111111,111111111111111111111111111,
932 905 1091 982 Propterea
1105 925 1175 965 vero
1184 908 1343 967 videbatur
1357 908 1454 984 egisse
1470 912 1579 967 contra

263 996 299 1053 ut
314 994 425 1054 auditis
439 993 577 1070 pluribus
593 995 728 1053 versibus
738 998 905 1073 eospotue·
932 995 1060 1053 debitam
1076 1013 1147 1073 erga
1162 997 1367 1055 anctoritatem
1390 997 1574 1057 ecclesiasti·

262 1083 304 1142 rit
319 1082 423 1142 ordine
438 1082 613 1160 retrogrado
629 1088 771 1160 repetere.
801 1086 904 1144 Annos
932 1101 996 1143 cam
1021 1084 1249 1160 submissionem
1272 1102 1419 1161 suumque
1444 1088 1573 1162 promis-

262 1176 353 1231 uatns
382 1183 420 1234 14
441 1172 505 1248 juri
535 1172 674 1231 canonico
703 1192 734 1233 se
759 1172 905 1250 applicuit
932 1190 1007 1243 sum,
1024 1172 1148 1249 ideoque
1164 1173 1274 1233 citatus
1290 1178 1576 1252 estasummopon-

264 1262 423 1332 Bononiae,
448 1264 517 1337 post
531 1261 686 1320 biennium
701 1262 904 1339 philosophiae
930 1261 1009 1321 tilioe
1025 1262 1062 1321 ad
1077 1263 1258 1323 reddendam
1273 1264 1426 1325 rationem.
1443 1266 1572 1337 permis·

263 1353 294 1409 et
308 1350 474 1427 theologiae
489 1350 590 1410 studio
611 1370 642 1409 se
657 1351 811 1426 impendit,
834 1352 903 1411 Per·
931 1368 982 1409 sus
1011 1354 1112 1412 tamen
1150 1352 1310 1411 subsistere
1338 1352 1511 1415 Florentiae.
1544 1358 1577 1413 et

263 1440 356 1498 rariae
372 1440 510 1515 primurn,
527 1439 596 1499 dein
611 1439 724 1499 Patavii
736 1441 902 1510 etParisiis,
931 1446 1038 1517 agente
1054 1440 1215 1501 Laurentio
1238 1441 1275 1499 de
1297 1440 1417 1503 Medicis
1441 1443 1576 1501 reconci-

262 1528 381 1604 lingnas
405 1528 547 1587 addidicit
569 1529 743 1600 hebraicam,
773 1530 902 1589 chaldai-
930 1528 1022 1587 liatus
1053 1533 1100 1590 est
1130 1529 1193 1589 sedi
1218 1530 1396 1607 apostolicae
1422 1531 1478 1589 sub
1503 1532 1574 1611 Ale-

263 1636 327 1675 cam
334 1618 525 1677 etarebicam.
534 1617 648 1677 Ardere
659 1619 787 1694 juvenili
795 1618 904 1679 ludaei
931 1618 1042 1677 randro
1052 1618 1100 1678 Vl.
1117 1622 1148 1679 et
1163 1618 1199 1678 ad
1214 1619 1359 1679 cautelam
1369 1619 1527 1681 absolutus
1536 1622 1576 1681 ab

262 1706 416 1781 cujusdam
431 1707 544 1766 astutia
564 1706 707 1783 deceptus
727 1728 835 1786 magno
852 1728 903 1786 ge-
931 1707 1078 1777 omnibus,
1095 1708 1209 1783 siquas
1226 1709 1264 1767 ob
1279 1708 1445 1785 perjurium
1471 1710 1574 1769 incur·

262 1795 373 1854 nuinae
390 1795 530 1855 scientiae
540 1796 647 1856 damno
656 1797 756 1857 studio
764 1798 903 1857 cahbalae
930 1796 1027 1867 nsset,
1036 1795 1295 1878 censuria(1493).
1309 1798 1388 1859 Haec
1402 1797 1576 1859 humiliatio

263 1903 293 1942 se
309 1883 464 1955 immersit,
481 1884 562 1960 quod
577 1888 699 1960 putaret
721 1904 752 1945 se
767 1887 832 1963 ejus
848 1906 902 1963 ope
930 1885 1091 1945 salutarem
1106 1889 1227 1963 operata
1248 1889 1295 1947 eet
1315 1887 1348 1945 in
1373 1888 1438 1964 ipso
1455 1906 1574 1947 morum

261 1973 371 2032 mirum
387 1974 420 2031 in
435 1975 556 2033 modurn
567 1975 646 2034 tueri
655 1993 743 2049 posse
752 1976 903 2053 religionis
930 1976 1173 2045 emendationem,
1197 1994 1266 2034 nam
1288 1975 1395 2035 exinde
1417 1980 1518 2035 totum
1541 1996 1577 2037 ae

262 2062 437 2122 christianae
446 2064 595 2139 mysteria
611 2063 737 2123 Juvenis
749 2074 789 2127 24
801 2084 826 2124 a.
835 2066 902 2125 the·
929 2062 1011 2123 dedit
1024 2064 1152 2123 orationi
1167 2067 1199 2123 et
1214 2064 1353 2141 operibus
1376 2065 1577 2125 effusissimae

261 2170 307 2211 ses
322 2155 488 2229 nongentas
513 2172 548 2211 er
564 2154 644 2211 omui
668 2153 833 2231 disciplina,
849 2154 901 2213 sed
929 2152 961 2211 in
976 2172 1122 2230 pauperes
1137 2153 1353 2214 misericordiae
1369 2157 1400 2213 et
1414 2156 1572 2230 poeniten-

261 2244 292 2300 et
322 2241 369 2301 de·
384 2242 522 2301 futilibus
546 2243 739 2320 argumentis,
764 2243 901 2319 publicae
928 2242 987 2301 tiae
1003 2243 1103 2302 missis
1128 2243 1261 2303 vanitate
1286 2246 1318 2303 et
1341 2243 1457 2303 naeniis
1482 2262 1575 2303 mnn-

261 2331 457 2406 disputationi
472 2332 636 2407 proposuit,
662 2350 736 2406 quas
757 2333 791 2391 in
806 2334 899 2391 omni·
928 2330 1030 2390 danis:
1054 2331 1122 2391 hine
1144 2332 1235 2391 etiam
1250 2332 1368 2408 aliquot
1382 2350 1415 2391 ex
1431 2332 1577 2409 operibus

260 2421 318 2478 bus
348 2421 483 2496 Europae
514 2420 670 2479 academiis
710 2422 901 2499 promulgare
929 2420 990 2479 suis
1006 2419 1101 2479 edidit
1116 2420 1172 2481 sub
1188 2421 1294 2481 alienis
1310 2421 1490 2481 nominibus.
1515 2422 1572 2481 De·

260 2508 339 2578 fecit,
356 2508 491 2567 invitatis
506 2509 579 2568 viris
590 2509 685 2569 doctis
695 2509 732 2569 ad
743 2514 900 2582 certamen,
929 2508 1095 2569 lectabaiur
1118 2530 1190 2587 prae
1213 2510 1317 2586 primis
1337 2510 1437 2569 studio
1454 2528 1475 2567 s.
1493 2510 1575 2569 Scri-

261 2598 370 2672 quibus
385 2598 502 2656 itineris
517 2616 660 2675 expensas
684 2617 715 2657 se
731 2600 901 2660 soluturum
928 2602 1042 2676 pturae,
1059 2600 1145 2676 cujus
1161 2600 1324 2659 masculam
1337 2599 1574 2659 mirabaturelo-

261 2687 427 2762 spopondit
460 2687 644 2764 Quingentas
667 2709 771 2749 earnm
793 2691 902 2749 statuit
928 2689 1088 2764 quantiam.
1105 2689 1218 2766 Spretis
1240 2689 1401 2749 honoribus
1416 2690 1576 2749 eeclesias-

261 2776 423 2834 secundum
432 2777 565 2852 proprias
574 2778 733 2854 opiniones,
748 2780 902 2856 octoginta
928 2777 993 2836 ticis
1009 2777 1101 2838 literis
1117 2781 1201 2839 totus
1223 2778 1299 2838 vixit
1322 2778 1470 2854 fidamque
1496 2779 1579 2838 fovit

262 2867 327 2924 octo
335 2872 406 2924 sunt
414 2865 631 2937 cabbatisticae‚
642 2867 716 2926 aliae
725 2867 899 2944 paradoxae,
928 2867 1084 2926 amicitiam
1101 2885 1168 2931 oum
1193 2867 1420 2943 spectatissimis
1445 2871 1476 2926 et
1501 2868 1576 2928 doc·

261 2954 311 3013 sed
326 2955 422 3031 palam
433 2955 584 3031 professus
594 2960 641 3015 est
651 2957 749 3025 ,nihil
757 2958 901 3017 assertive
927 2955 1051 3015 tissimis
1068 2956 1116 3015 sui
1132 2957 1197 3016 aevi
1214 2957 1296 3028 viris,
1319 2957 1399 3016 inter
1414 2975 1490 3032 quos
1507 2961 1580 3018 erat

261 3043 308 3102 vel
323 3043 517 3120 probabiliter
532 3062 620 3120 pono,
637 3045 695 3104 nisi
710 3049 859 3121 quatenus
868 3047 900 3105 id
928 3045 1016 3104 etiam
1032 3045 1217 3105 Savonarola.
1234 3045 1336 3105 Morbo
1349 3045 1435 3104 letali
1445 3045 1578 3106 affectus

260 3133 307 3192 rel
321 3153 423 3192 verum
441 3134 489 3192 vel
505 3133 657 3209 probabile
668 3135 784 3210 judicat
799 3153 836 3194 ss.
852 3155 901 3195 ro·
928 3134 965 3192 ab
981 3152 1014 3192 eo
1030 3134 1119 3209 petiit
1142 3135 1315 3210 accepitque
1339 3137 1450 3194 restem
1471 3152 1495 3193 s.
1513 3136 1576 3194 Do-

260 3241 349 3281 mana
364 3223 494 3282 Ecclesia
509 3227 540 3282 et
555 3227 646 3300 capnt
660 3225 726 3298 ejus
735 3224 900 3283 benemeri·
927 3223 1035 3282 minici.
1067 3224 1199 3283 Decessit
1218 3234 1267 3287 11.
1281 3224 1356 3283 Nor.
1377 3233 1460 3286 1494
1476 3242 1580 3284 annos

259 3312 899 3387 tumsummuspontifexlnuocentiusVIll,
927 3314 1016 3371 natus
1047 3315 1165 3372 tantum
1191 3322 1241 3382 32,
1273 3313 1419 3372 bonorum
1445 3331 1576 3372 suorum

259 3401 471 3477 cujusjudicio,
482 3401 535 3476 qui
550 3402 658 3461 mentis
674 3421 744 3461 suae
754 3403 899 3479 judicium
927 3401 1034 3460 herede
1058 3401 1202 3462 instituta
1224 3401 1312 3462 domo
1335 3419 1502 3478 pauperum
1518 3403 1578 3464 flo-

259 3509 319 3549 111
343 3490 502 3558 submittit,
534 3493 663 3550 mentem
694 3510 754 3551 nou
778 3492 898 3551 babet‘
928 3489 1053 3549 nentina.
1077 3491 1155 3550 Haeo
1170 3489 1287 3567 potiore
1302 3509 1400 3566 opera,
1418 3509 1496 3567 qnae
1512 3492 1577 3552 ele-

258 3580 369 3639 'l'antae
386 3580 596 3656 disputationis
612 3581 739 3656 strepitu
748 3581 836 3640 exciti
844 3582 900 3640 Ec·
927 3579 1037 3656 gantia,
1054 3579 1151 3640 nitore
1166 3584 1197 3639 et
1206 3577 1371 3640 disserendi
1381 3579 1530 3640 facilitate
1541 3601 1582 3642 se

258 3669 363 3728 clasiae
378 3672 512 3745 pastores
536 3670 652 3745 etipse
675 3675 809 3730 summus
823 3689 899 3746 pon-
927 3669 1150 3728 commendant:
1176 3669 1378 3728 Concluaiones
1400 3687 1493 3746 snpra
1508 3691 1580 3730 me·

257 3759 329 3816 tifex
351 3758 542 3817 innocentius
558 3758 637 3822 VllI.
659 3759 757 3817 theses
771 3760 901 3819 examini
927 3761 1068 3826 moratae,
1092 3757 1198 3817 1111111
1227 3767 1326 3828 14861
1352 3757 1583 3837 Norimbergae

259 3848 458 3921 subjecerunt,
482 3849 513 3905 et
534 3866 602 3906 cum
624 3849 784 3923 pleraeque
799 3867 898 3926 reper—
930 3855 1031 3916 1539;
1048 3847 1185 3907 coloniae
1205 3857 1298 3911 1619.
1329 3847 1371 3906 rx
1394 3845 1582 3908 1111111111-

258 3939 306 3994 tae
322 3936 436 3994 fuerint
451 3939 648 4003 ,renovantes
670 3955 784 3996 errores
799 3938 899 4013 genti·
926 3936 1018 3996 aiones
1042 3937 1240 3996 cubbulietrbue
1264 3940 1306 3996 71
1332 3936 1503 3996 illustratae
1537 3940 1589 4000 ab

257 4025 332 4084 lium
363 4024 614 4099 philosophorum,
646 4026 723 4085 aliae
744 4025 897 4102 perfidiam
926 4024 1586 4102 1111113111111811111111011111111-

257 4113 577 4182 11111111,1ο1111111
595 4114 898 4174 haereticaeauthae·
926 4113 1047 4173 dierunt
1062 4114 1195 4173 Basileae
1216 4124 1297 4178 1600
1315 4115 1348 4174 11
1365 4123 1403 4182 8.,
1431 4115 1482 4190 qui
1499 4117 1586 4178 cab.

257 4203 346 4260 resim
372 4201 544 4277 sapientcs‘
569 4203 734 4279 disputatio
760 4203 825 4280 ipsa
840 4204 900 4262 fnit
925 4202 1009 4261 balae
1040 4207 1071 4262 et
1101 4202 1163 4262 Pici
1203 4203 1402 4262 defensionem
1437 4209 1591 4282 suscepit

257 4290 393 4360 inhibita,
409 4292 508 4349 theses
524 4310 592 4350 vero
613 4293 645 4351 11
660 4293 778 4353 cumulo
793 4312 898 4370 repro·
926 4297 1029 4352 contra
1050 4292 1173 4352 Petrum
1195 4291 1370 4352 Garziam
1392 4292 1590 4368 magistr-nm

211 4421 216 4430 .
256 4381 353 4439 balae.
369 4380 442 4438 Cum
457 4380 545 4440 Picus
561 4399 646 4440 suam
655 4384 816 4441 testaretur
825 4382 897 4442 sub·
925 4380 1119 4456 parisiensem
1135 4385 1166 4440 et
1180 4383 1269 4457 episc.
1285 4379 1464 4440 uxellensem
1483 4375 1592 4462 (Alea

925 4469 958 4527 in
982 4469 1079 4529 insula
1104 4469 1246 4542 Sardinia,
1270 4472 1373 4547 postea
1395 4469 1590 4548 episcopum

926 4559 1167 4619 barcinonensem
1182 4557 1200 4627 †
1218 4569 1245 4624 8.
1261 4558 1346 4618 Febr.
1367 4561 1469 4632 1505).
1480 4567 1594 4640 cnjus

253 4619 898 4756 ..1111111111111111111
1198 4649 1380 4725 cem
1484 4653 1593 4717 err

255 4763 755 4830 1111.1111.1.1111111.;11111.
776 4766 796 4820 1.
817 4766 897 4820 aaa.
925 4737 1217 4834 1119111111
1239 4729 1448 4818 ⁰⁰ss⁸0rirl⁸³¹l
1473 4741 1523 4802 aa
1543 4765 1590 4810 ss·

255 4835 355 4890 Theol.
371 4835 421 4890 Vll
435 4840 534 4907 (18831,
549 4841 610 4892 714.
965 4843 981 4904 11
997 4837 1038 4891 of.
1052 4837 1087 4889 N.
1101 4835 1243 4891 Antonius
1257 4835 1276 4892 l.
1290 4841 1360 4894 100.
1373 4839 1445 4893 141.
1460 4838 1529 4902 769
1546 4865 1592 4904 aa.
