3542 5350
310 308 393 363 1567
499 295 685 351 1541-1563.
698 290 828 363 Iliturgin
841 295 871 347 et
882 293 1001 348 Ascesis.
1014 291 1162 361 Beruardi,
1176 292 1296 361 Oia-nelo,
1312 292 1427 361 Vesana,
1536 313 1620 370 1553

306 479 439 537 Andreas
454 479 589 540 Floras
606 480 638 540 Ο.
654 481 766 552 Pracd,
786 481 946 556 Hispanus,
975 481 1113 556 operibns
1143 481 1354 558 philosophicis
1385 482 1445 541 scil
1472 501 1617 542 commen·

306 567 441 628 CaroliV.
451 566 522 644 imp.
534 569 948 646 jussuoonciunavitbrevem
975 569 1059 628 tariis
1089 570 1121 628 in
1152 569 1426 642 Aristotelem,
1462 573 1618 631 Petrum

304 655 540 733 familiaremque
570 679 669 719 rerum
694 659 764 718 fidei
788 659 948 719 catholicae
976 657 1150 734 Hispanum,
1176 659 1381 718 Boethium
1407 665 1470 730 etc,
1503 661 1617 720 mathe-

304 744 534 809 inatructiouem
548 749 610 808 sive
624 749 842 819 catechismum,
858 767 948 824 quem
976 747 1090 806 matiois
1105 751 1136 806 et
1144 748 1340 826 astrologicis,
1357 749 1478 808 medicis
1489 753 1544 808 etc.
1561 750 1622 810 huc·

306 835 543 915 archiepiscopus
565 839 715 898 toletanus
743 837 777 897 in
806 840 870 897 tota
894 855 949 896 sna
975 839 1088 912 spectat
1096 837 1247 913 Expositio
1270 838 1339 896 libri
1355 837 1485 897 ismaelis
1499 837 1617 899 siveof·

243 977 248 983 .
304 923 429 983 dioecesi
440 927 640 988 adhibendum
650 928 706 985 sub
717 927 849 986 censuris
859 945 947 1003 prae·
976 925 1107 1002 liciorum
1130 925 1392 985 ecclesiasticorum
1415 929 1618 987 commentarii

305 1013 432 1089 scripsit,
455 1017 509 1091 qui
522 1017 592 1076 inde
607 1017 639 1075 in
654 1019 719 1076 toto
734 1016 947 1093 Hispaniarum
974 1014 1005 1077 ll.
1018 1024 1046 1084 3,
1057 1015 1206 1090 Compluli
1220 1024 1302 1078 1528
1318 1015 1352 1074 in
1362 1015 1381 1072 f.
1397 1017 1440 1074 De
1455 1017 1521 1092 ejus
1532 1035 1622 1093 scopo

303 1121 395 1179 regno
418 1111 555 1182 aceeptus
580 1105 712 1165 omnium
734 1105 766 1164 in
788 1123 894 1165 manus
917 1107 947 1164 et
974 1103 1017 1161 ita
1033 1103 1135 1163 scribit
1151 1103 1213 1184 llic.
1230 1103 1429 1164 Antonius
1453 1102 1504 1187 (ll,
1527 1103 1618 1187 186):

304 1209 356 1250 ora
371 1196 538 1267 pervolavit
558 1195 614 1254 hoo
634 1194 741 1254 titulo:
764 1194 810 1252 Dc
830 1195 860 1253 lo
880 1196 946 1252 doc-
975 1193 1109 1260 ,Biblioa
1123 1193 1295 1253 testimonia
1311 1194 1343 1252 in
1358 1194 1389 1252 ll.
1406 1195 1619 1254 ecclesiasticis

303 1282 384 1339 triae
401 1281 577 1354 Christiano,
594 1283 691 1343 'foleti
710 1283 946 1347 1552118.-
972 1282 1207 1355 intemerataque
1233 1282 1337 1341 Missae
1362 1283 1458 1342 officio
1479 1285 1542 1358 jam
1566 1284 1617 1342 de·

302 1369 417 1429 Hwaldi
431 1373 559 1434 Vinoii
579 1372 762 1432 novesiensis
777 1373 946 1430 Primordla
973 1371 1062 1430 ducta
1077 1371 1240 1430 secundum
1250 1371 1402 1448 proprium
1418 1391 1539 1431 sensnm
1549 1373 1616 1431 lite-

303 1460 478 1522 cbra'atioaoe
492 1461 639 1540 reliyioaia
654 1481 707 1521 sen
716 1461 913 1521 catechismus
922 1457 944 1542 ¹)
972 1460 1071 1530 talem,
1098 1479 1186 1534 quom
1201 1460 1238 1519 ab
1254 1460 1360 1520 hornm
1383 1460 1549 1520 officiorum
1565 1482 1617 1521 an·

303 1547 412 1626 prodiit
425 1551 561 1612 Coloniae
574 1561 671 1622 1551;
692 1561 785 1615 1553.
800 1582 844 1594 -
859 1549 944 1608 Lam·
972 1547 1241 1624 tiquiseditoribus
1252 1549 1419 1626 significare
1426 1551 1527 1626 posita
1536 1557 1616 1617 sunt,

302 1639 406 1696 bertus
423 1640 459 1700 de
475 1642 617 1700 Balven
632 1640 759 1699 ultimus
775 1640 865 1698 abbas
881 1658 943 1697 mo·
972 1655 1040 1696 enm
1056 1655 1142 1714 saepe
1166 1657 1183 1696 a
1198 1637 1306 1696 literali
1329 1637 1439 1698 biblico
1456 1639 1615 1710 diversum,

303 1730 426 1786 nasterii
441 1729 680 1806 Riddagshusani
690 1729 722 1788 0.
733 1729 801 1788 cist
819 1723 943 1810 (1553),
971 1729 1062 1802 atque
1077 1726 1149 1786 item
1165 1728 1305 1786 moralem
1325 1747 1386 1786 non
1401 1727 1500 1787 minus
1517 1730 1554 1788 ab
1571 1731 1619 1788 his

302 1817 387 1892 prius
402 1818 524 1878 Lutben'
540 1819 650 1878 assecla
665 1817 736 1879 dein
748 1817 943 1886 adversarius,
971 1815 1143 1875 auctoribus
1157 1815 1331 1875 intimatum
1341 1821 1507 1892 cunctaque
1517 1835 1616 1877 samaa

294 1907 360 1966 'sub
380 1926 439 1983 qno
462 1908 674 1968 monasterium
697 1910 744 1966 ter
759 1907 943 1965 devastatum
972 1904 1062 1981 hujus
1071 1905 1115 1964 rei
1126 1904 1267 1981 mysteria
1276 1905 1491 1982 interpretatur
1501 1926 1614 1966 aroana.

302 1996 363 2056 fuit
391 2000 422 2056 et
445 1997 563 2057 demum
589 1997 728 2067 deletum,
760 1995 945 2055 concinnavit
971 1993 1010 2052 Et
1018 1993 1138 2069 quidem
1147 1995 1167 2052 l.
1181 1993 1348 2056 l.declarat
1363 2013 1397 2052 ea
1413 1995 1522 2066 omnia,
1540 2015 1617 2072 quae

303 2085 517 2159 catechismum,
538 2087 574 2146 de
590 2105 649 2162 quo
665 2085 700 2145 cf.
716 2085 784 2162 alig.
801 2085 828 2142 d.
845 2085 943 2162 Biogr.
971 2082 1001 2140 in
1026 2087 1137 2159 septem
1163 2083 1242 2142 horis
1268 2083 1417 2142 canonicis
1448 2089 1479 2142 et
1510 2085 1616 2143 missae

302 2175 333 2248 ll,
352 2186 391 2240 35
411 2195 433 2236 s.
970 2172 1065 2247 prima
1082 2175 1172 2247 parte,
1197 2189 1285 2248 qaam
1302 2176 1410 2230 vocant
1430 2174 1613 2232 catechume-

970 2279 1075 2319 norum
1100 2258 1305 2331 continentum
1331 2271 1357 2324 2.
1380 2280 1451 2321 vero
1467 2308 1472 2318 .
1490 2307 1521 2319 ..
1543 2264 1617 2322 mis·

349 2365 420 2418 719.
437 2356 472 2413 In
486 2374 573 2414 socru
588 2355 706 2429 liturpio
717 2351 898 2410 illustranda
913 2356 943 2410 et
970 2351 1030 2409 sale
1047 2349 1185 2421 officium,
1210 2349 1289 2425 quod
1312 2369 1366 2426 per
1386 2353 1486 2409 totum
1502 2371 1614 2410 aunum

292 2440 476 2504 vvindicanda
491 2447 610 2520 praeter
624 2446 671 2501 tot
686 2441 858 2517 apologetas
873 2440 942 2499 fidei
970 2438 1050 2498 varie
1066 2438 1241 2510 celebratur,
1261 2439 1351 2515 juxta
1372 2438 1525 2515 duplicem
1547 2461 1610 2500 seu-

300 2529 942 2608 catholicae‚praesertimdemissaesacrificio
970 2545 1036 2586 sum
1062 2527 1197 2603 exponit3
1230 2537 1257 2588 3.
1283 2529 1336 2604 qui
1360 2528 1439 2587 eirca
1465 2539 1610 2588 secretum

300 2623 445 2683 adversus
467 2623 557 2698 hujus
574 2621 665 2680 seculi
680 2622 835 2681 novatores
850 2618 942 2679 disse·
968 2617 1073 2675 missae
1084 2617 1341 2677 canonemversari
1353 2617 1466 2690 debuit,
1476 2636 1515 2678 ne
1523 2619 1609 2679 codex

299 2714 409 2782 rentes,
430 2712 529 2788 plures
545 2711 597 2769 alii
612 2710 772 2788 diligenter
787 2712 859 2767 sunt
875 2728 940 2768 ver·
969 2706 1093 2765 nimium
1110 2710 1301 2785 turgesceret,
1318 2708 1611 2783 praetermissnslnit

300 2801 367 2860 sati.
392 2801 609 2859 Guilelmus
624 2797 812 2858 Bernardi
828 2798 860 2857 0.
870 2798 940 2856 Min.
969 2795 1005 2853 ab
1022 2799 1142 2856 auctore
1159 2797 1192 2854 in
1207 2796 1287 2855 alind
1302 2799 1431 2872 tempus,
1448 2814 1503 2855 nec
1514 2798 1610 2856 editus

299 2890 392 2966 Belga
407 2890 570 2965 disputavit
585 2891 620 2947 dc
634 2908 671 2951 aa.
687 2890 850 2947 litterarum
865 2906 940 2945 com-
968 2889 1151 2960 unquam,ut
1159 2885 1300 2953 existima,
1309 2886 1395 2961 eujus
1404 2887 1503 2944 locum
1511 2886 1611 2945 brevia

299 2981 661 3054 manicationcearumque
678 2995 782 3035 sensus
792 2978 940 3054 germani·
968 2973 1025 3031 ista
1042 2974 1200 3032 subierunt
1215 2974 1375 3049 opuscula:
1393 2974 1435 3032 Dc
1452 2978 1518 3034 arte
1530 2996 1610 3053 prae·

298 3060 369 3140 tate]
386 3086 420 3126 ac
435 3068 470 3127 de
486 3067 646 3126 catholicae
656 3065 803 3125 Ecclesiae
812 3066 940 3125 veritate
968 3060 1099 3120 dicandi:
1122 3062 1158 3121 de
1181 3066 1243 3121 arte
1258 3062 1467 3122 memorativa:
1492 3066 1528 3123 dc
1544 3084 1613 3123 vera

299 3158 460 3216 christiana
469 3156 612 3233 quaedam
623 3156 778 3224 axiomata,
795 3154 830 3212 de
840 3154 939 3230 scpul-
967 3152 1037 3209 luna
1045 3150 1180 3210 sabbathi
1189 3152 1610 3212 eteorrectioneKalendarii.‘

298 3249 375 3306 turis
397 3252 428 3305 et
443 3246 589 3321 exsequiis
612 3245 685 3321 qnid
701 3242 891 3302 sentiendum
910 3247 941 3301 et
968 3240 1142 3299 Paradoxoc
1156 3242 1335 3317 quaestiones
1349 3240 1388 3317 X,
1418 3240 1610 3302 Salmantioae

263 3347 266 3350 “
299 3336 524 3406 observandum,
537 3334 654 3393 Parisiis
667 3342 748 3396 1547
761 3332 793 3390 in
804 3342 841 3402 8.,
851 3350 940 3408 opus·
972 3338 1053 3393 1538
1078 3329 1110 3387 in
1127 3339 1164 3397 4.,
1188 3348 1248 3405 qno
1271 3329 1302 3387 in
1324 3348 1370 3405 op.
1391 3332 1512 3405 quaerit
1535 3332 1609 3390 iuter

298 3427 398 3485 culum
429 3444 538 3483 rarum,
576 3456 619 3467 -
650 3423 756 3480 Petrus
786 3421 940 3480 (liruclo
968 3418 1067 3477 eliade
1077 3418 1138 3478 loco
1147 3419 1278 3495 paradisi
1287 3420 1455 3489 terrestris,
1473 3420 1511 3478 de
1521 3422 1608 3479 tertia

299 3514 475 3591 Aragonius,
492 3512 664 3589 parisiensis
680 3512 790 3578 doctor,
813 3510 941 3587 insignia
967 3507 1031 3585 lege
1048 3506 1181 3583 Spiritus
1194 3526 1215 3565 s.
1233 3508 1310 3567 circa
1326 3506 1413 3565 linem
1430 3508 1551 3579 mnndi,
1576 3510 1608 3567 de

297 3605 463 3681 theologus,
472 3601 664 3679 philosophus
680 3604 770 3676 atque
780 3600 940 3658 mathema·
968 3595 1215 3672 multiplicatione
1224 3615 1327 3655 sensus
1337 3596 1479 3667 literalis;
1496 3598 1534 3657 de
1544 3598 1607 3657 mb-

296 3694 385 3763 ticus,
412 3694 497 3753 bomo
522 3695 585 3750 erat
607 3689 747 3749 indefessi
774 3688 807 3746 in
832 3686 939 3746 studiis
968 3685 1034 3743 bala
1050 3687 1080 3743 et
1095 3684 1191 3761 magia
1203 3684 1378 3759 judaeorum
1400 3686 1607 3746 inenarranda

297 3782 408 3841 laboris
433 3781 577 3857 librisque
601 3784 745 3855 perpetuo
769 3777 938 3845 adhaerens,
967 3774 1171 3833 divinuBiblia
1185 3778 1239 3832 ete.
1252 3774 1408 3851 Hispaniae
1423 3780 1542 3851 praeter
1556 3777 1609 3835 alia

298 3872 383 3945 cujus
407 3870 557 3945 permulta
584 3869 694 3944 scripta
723 3867 804 3926 edita
828 3866 940 3943 passim
967 3863 1075 3922 edidit:
1110 3863 1368 3939 Contemplocionca
1399 3882 1468 3941 caup
1499 3867 1607 3924 demtos

298 3960 378 4017 inter
402 3959 605 4033 philosophiae
630 3957 780 4016 studiosos
812 3956 938 4014 circum·
967 3953 1052 4011 sobre
1067 3952 1112 4011 los
1128 3952 1285 4027 mysterius
1302 3952 1338 4011 de
1354 3952 1383 4012 la
1399 3953 1508 4013 Pasion
1524 3955 1559 4013 de
1573 3954 1605 4013 b.

297 4048 436 4106 feruntur
452 4047 576 4122 ejusque
592 4046 777 4121 diligentiam
794 4047 824 4103 et
840 4044 939 4103 erudi·
968 4041 995 4099 S.
1019 4041 1047 4100 J.
1073 4041 1198 4112 Christo,
1225 4060 1279 4100 oon
1303 4060 1346 4099 un
1371 4042 1498 4102 'lhatado
1523 4042 1605 4101 dela

297 4136 410 4195 tionem
430 4155 494 4206 non
518 4135 668 4212 vulgarem
691 4134 832 4193 indicent.
863 4133 938 4192 Ham
966 4131 1028 4188 vita
1048 4130 1180 4189 solitaria
1197 4130 1438 4208 contemplativa,
1462 4130 1603 4208 compluti

297 4226 435 4284 Ximenes
466 4225 543 4284 card.
570 4224 708 4300 praefecit
738 4222 892 4281 cathedrae
918 4240 938 4280 s.
971 4229 1053 4282 1543
1077 4220 1109 4277 in
1128 4231 1162 4290 4;
1186 4220 1259 4278 Arte
1281 4221 1316 4277 dc
1337 4220 1400 4277 bien
1422 4222 1495 4296 conf
1502 4240 1552 4279 aar
1565 4219 1601 4277 asi

297 4314 426 4374 Thomas
457 4314 661 4389 complutensi,
693 4331 819 4391 eumque
850 4312 937 4369 etiam
967 4308 1075 4381 paracl
1085 4309 1310 4377 Consasorcomo
1321 4310 1431 4383 paracl
1444 4309 1599 4373 Pandente,

297 4404 375 4462 inter
404 4407 606 4480 praeceptores
633 4402 761 4477 Philippi
785 4400 822 4458 ΙΙ.
849 4400 939 4458 luisse
967 4397 1116 4473 Compluti
1131 4410 1138 4459 1
1151 4406 1228 4467 524ς
1245 4397 1362 4472 Hispali
1377 4408 1459 4460 1544
1472 4398 1601 4461 inacta

295 4493 405 4552 ferunt.
436 4493 599 4552 canonicus
622 4496 686 4549 erat
710 4489 866 4566 theologus
892 4506 939 4547 eo·
965 4487 1170 4545 -Vascus
1193 4486 1429 4545 Diaz'Tanoo
1452 4484 1598 4545 111111011-

297 4583 402 4642 clcsiae
418 4582 622 4641 salmantinae.
638 4579 858 4639 Praetermiasis
873 4579 938 4654 ejus
967 4575 1062 4635 vedan
1078 4576 1105 4634 el
1120 4576 1247 4635 Estanco
1263 4575 1479 4634 lhaxiualensis
1495 4577 1598 4651 praeter

966 4658 1227 4747 aliacomposuit1)
1245 4664 1355 4723 Jordin
1371 4666 1417 4723 del
1426 4666 1512 4723 Almo
1522 4660 1598 4722 cari·

336 4791 354 4856 ¹)
368 4785 407 4840 De
428 4802 485 4854 quo
503 4786 538 4841 cf.
559 4784 657 4852 aliqua
673 4782 939 4849 Katholik1895.l,

296 4862 347 4915 187
360 4860 476 4912 auctore
489 4856 524 4913 N.
538 4855 654 4911 Paulus.
1004 4855 1024 4925 ¹)
1039 4852 1080 4911 cf.
1095 4852 1157 4909 Nic.
1170 4850 1314 4907 Antonius
1326 4852 1362 4917 ll,
1375 4856 1438 4911 322.
