3542 5350
178 333 237 388 351
417 315 496 370 Rom.
508 317 666 386 pontifices.
679 317 732 370 dua
744 316 924 374 canonicum.
937 317 964 372 S.
978 315 1077 384 Raym.
1089 313 1125 369 de
1137 315 1256 370 Pennas.
1425 333 1487 389 362

177 502 259 561 risiis
288 509 381 566 1892.
415 502 497 562 Obiit
523 493 637 586 2.¹Oct.
665 513 756 568 1264.
778 537 823 548 -
849 500 963 586 (1222)
993 505 1161 579 utilemque
1184 503 1287 580 posuit
1310 520 1428 580 operam
1457 501 1490 561 in

178 590 576 652 UrbanumIV.sacutusest
590 592 763 653 Clemens
773 591 822 651 1v.
849 593 1057 654 convertendis
1073 593 1192 652 Mauris.
1207 594 1233 651 A
1248 591 1366 651 Joanne
1381 591 1417 651 de
1427 590 1489 650 Ab·

175 677 222 760 (6.
231 679 317 740 Febr.
338 689 420 744 1265
432 678 470 740 ad
484 691 531 744 19.
542 681 615 741 Nor.
630 676 727 765 1268)
736 684 823 740 anteo
850 683 930 742 batia
937 684 1009 743 villa
1016 679 1160 742 cardinali
1167 680 1489 759 legatoinHispaniam

176 767 277 828 Guido
294 770 458 830 Grossua
474 769 537 830 sive
552 769 823 830 Fuloodius'dictua
849 772 881 830 in
903 771 1017 832 socium
1039 773 1087 830 eat
1107 772 1280 846 assumptas
1307 765 1422 852 (1229)
1442 771 1489 827 at

178 853 380 941 (Foulquois),
392 858 465 917 item
475 858 587 929 Gallus,
604 859 686 935 prius
697 859 782 918 miles
792 862 823 918 et
850 879 909 936 que
933 879 1000 920 cunr
1021 878 1055 920 eo
1071 860 1188 918 Romam
1212 858 1303 928 venit,
1328 858 1382 917 ubi
1403 857 1488 918 rami·

176 947 209 1006 in
227 946 417 1008 matrimonio
433 949 545 1008 vivens.
571 947 667 1007 Urore
682 947 823 1008 defuncta
849 943 1028 1010 liarissimua
1043 952 1074 1007 ct
1089 947 1275 1008 consiliarius
1291 945 1489 1006 secretusfa'c

176 1053 279 1095 sacros
295 1036 427 1113 suscepit
436 1037 554 1097 ordines
571 1040 661 1112 atque
676 1037 821 1114 gradatim
849 1041 900 1099 tus
931 1041 979 1098 est
1003 1038 1142 1115 Gregorio
1166 1037 1224 1106 11,
1255 1037 1428 1112 capellanus
1458 1042 1490 1095 et

176 1125 214 1183 ad
231 1125 341 1184 altiora
355 1130 515 1202 provectus
531 1143 655 1185 munera
670 1126 823 1186 factusest
849 1127 1096 1205 poenitentiarius
1126 1130 1288 1202 tantaeque
1310 1125 1388 1201 apud
1412 1144 1488 1202 pon·

177 1213 431 1292 archiepiscopus
460 1215 665 1285 narbonensis,
705 1218 822 1274 creatus
849 1217 958 1276 tilicam
973 1217 1034 1278 fait
1047 1215 1245 1285 auctoritatis,
1261 1218 1297 1274 ut
1312 1214 1360 1272 hic
1368 1214 1489 1274 nonnisi

174 1301 340 1362 cardinalis
356 1304 394 1362 ab
409 1303 528 1363 Urbano
539 1304 598 1376 lv,
614 1303 733 1363 demum
746 1322 822 1363 una·
849 1305 982 1365 adhibito
997 1308 1063 1382 ejus
1078 1305 1199 1365 consilio
1219 1303 1369 1382 graviores
1384 1320 1488 1362 causas

176 1392 252 1451 nimi
267 1389 465 1452 cardinalium
488 1393 628 1471 suffragio
648 1394 761 1452 clectus
776 1395 823 1452 est
848 1397 998 1455 tractarat.
1016 1395 1109 1464 ,Cum
1126 1397 1225 1453 autem
1238 1392 1489 1470 paparelleteum

175 1479 321 1557 pontifex,
354 1481 406 1541 Vir
427 1486 490 1541 erat
508 1482 587 1558 juris
611 1482 821 1559 peritissimus,
849 1501 953 1560 cogere
975 1484 1013 1543 ad
1033 1483 1238 1559 recipiendum
1255 1481 1487 1560 archiepiscopa-

177 1588 314 1630 summae
330 1569 489 1646 probitatis
504 1574 536 1630 et
551 1576 611 1630 tam
621 1591 638 1630 a
647 1571 822 1648 propinquis
849 1573 1071 1649 tumquendam
1083 1573 1115 1631 in
1124 1575 1205 1631 terra
1212 1585 1274 1641 sua,
1282 1575 1343 1629 tam
1350 1573 1490 1630 constan*

176 1659 389 1735 promovcudia
415 1659 539 1730 alienus,
565 1665 599 1720 ut
622 1660 700 1719 nulli
716 1661 822 1719 horum
849 1665 896 1720 ter
910 1666 1010 1722 sancta
1032 1659 1159 1737 quadam
1183 1659 1345 1737 rebellione
1368 1658 1487 1730 rostitit,

176 1747 351 1825 permiserit
358 1748 390 1806 in
396 1748 504 1808 Urbem
510 1749 620 1818 venire,
627 1751 822 1824 etduae‚quas
849 1751 930 1827 quod
944 1770 1023 1828 papa
1038 1751 1189 1810 revocavit
1197 1749 1387 1819 coactionem,
1397 1767 1488 1824 quam

175 1841 248 1896 ante
266 1835 465 1896 sacerdotium
481 1841 659 1914 susceperat,
674 1837 750 1898 filice
765 1856 821 1898 nu·
849 1844 994 1916 coeperat,
1017 1840 1122 1899 videns
1144 1839 1210 1915 ejus
1231 1842 1293 1897 tam
1309 1834 1488 1896 contrariam

176 1927 248 1985 bere
261 1926 490 2002 nonpotuerint
503 1927 821 1987 obdotisteuuitatem.
848 1920 1098 2013 voluntatem'l).‘
1130 1928 1261 1988 Obtenta
1284 1923 1407 1985 licentia
1431 1926 1488 1985 etsi

175 2016 252 2074 Cum
268 2019 349 2074 esset
363 2015 598 2092 archiepiscopus
620 2016 708 2093 plura
729 2016 823 2075 edidit
849 2037 915 2078 cum
932 2018 1111 2078 difficultate
1126 2017 1164 2076 ad
1178 2014 1489 2094 propriarecedendia

175 2111 290 2163 natata
301 2103 464 2181 synodalia,
481 2125 556 2182 quae
565 2105 677 2182 passim
686 2107 824 2183 prostant
849 2107 932 2166 ouria
955 2110 1078 2184 propter
1107 2105 1309 2165 valetudinem
1337 2101 1488 2162 laboribus

176 2193 412 2253 inconciliorum
422 2187 821 2258 collectionibusadasroe.
849 2195 973 2272 vitaque
989 2215 1101 2273 aspera,
1124 2213 1215 2271 quam
1239 2193 1376 2263 ducebat,
1402 2191 1488 2251 attri-

175 2283 308 2360 Regesta
323 2283 389 2358 ejus
405 2283 536 2360 reperies
551 2284 629 2360 apud
640 2283 821 2353 Potthastll‚
849 2289 920 2355 tam,
936 2304 974 2344 en
990 2282 1301 2344 a'suisalactuseatin
1309 2281 1487 2359 magistrum

180 2379 422 2442 1542-16493
440 2381 542 2442 21033
559 2372 747 2448 eaqueedere
758 2389 821 2431 coe·
848 2373 961 2433 ordinis
969 2374 1138 2452 generalem
1153 2365 1277 2455 (1238),
1293 2370 1342 2430 oui
1351 2369 1489 2429 electioni

175 2461 225 2538 pit
240 2461 294 2520 Ed.
311 2459 332 2519 J
338 2459 458 2520 orden
478 2469 575 2530 18933
606 2463 742 2535 epistolas
760 2472 817 2524 711
849 2463 970 2523 nonnisi
992 2463 1136 2522 sodalium
1161 2459 1300 2538 precibus
1323 2462 1488 2519 commotus

177 2544 350 2630 vulgavitl)
374 2551 546 2608 Martene
565 2549 597 2607 in
613 2549 696 2609 Thes.
712 2549 821 2609 Aneod.
850 2553 1009 2629 acquievit.
1023 2551 1096 2612 Fuit
1103 2551 1182 2611 enim
1195 2548 1488 2623 ,virmaaimaepar·

175 2643 198 2698 t
219 2648 247 2702 2.
636 2686 638 2691 -
850 2642 994 2712 fectionis,
1011 2640 1197 2718 paupertatis
1219 2642 1251 2699 st
1265 2636 1443 2699 humilitatis
1457 2637 1490 2696 et

849 2732 942 2792 totius
966 2731 1130 2791 honestatis
1151 2730 1261 2789 zelator
1281 2722 1435 2797 maximus,
1458 2729 1490 2785 ct

231 2826 300 2881 194.
317 2815 400 2875 Inter
422 2835 480 2887 eos,
504 2819 557 2893 qui
579 2816 616 2877 da
626 2819 695 2894 jure
719 2836 822 2877 cano·
850 2839 1002 2897 apponens
1015 2838 1117 2879 curam
1133 2820 1297 2887 maximam,
1309 2819 1345 2876 ut
1358 2817 1391 2875 in
1399 2816 1489 2874 mini·

176 2908 269 2967 nico
293 2906 377 2965 fuere
402 2905 534 2977 solliciti,
557 2908 755 2967 nominandus
777 2912 823 2967 est
850 2911 908 2969 mis
924 2909 1006 2986 rigor
1021 2909 1136 2968 ordinis
1145 2910 1342 2967 servaretur‘
1359 2907 1433 2965 Post
1441 2923 1488 2963 re·

175 2994 614 3075 praeprimisRaymundua
629 2997 672 3056 de
684 2998 823 3056 Panna·
850 2999 971 3077 giminis
986 2998 1141 3058 biennium
1166 2996 1319 3067 ,sentiens
1336 2994 1394 3053 sibi
1409 2993 1489 3053 viras

174 3088 291 3154 forte,
310 3086 362 3161 qui
378 3084 544 3145 Decretales
560 3104 632 3143 rom.
648 3086 824 3162 pontificum
851 3088 889 3148 ad
904 3087 1075 3164 hujusmodi
1089 3086 1219 3146 officium
1240 3084 1361 3143 omnino
1377 3083 1489 3153 deesse,

175 3174 305 3252 collegit
321 3173 398 3232 etin
414 3192 508 3233 unum
525 3175 609 3233 velut
629 3194 735 3251 corpus
746 3176 824 3251 juris
850 3180 970 3237 tantum
987 3176 1101 3236 institit
1117 3172 1197 3253 apud
1212 3174 1376 3233 Bononiam
1394 3172 1426 3230 in
1442 3190 1490 3231 ca·

176 3263 316 3324 canonici
327 3263 483 3340 compegit.
499 3263 597 3322 Natus
611 3265 693 3323 estis
704 3266 824 3323 sanctus
850 3267 948 3344 pitulo
964 3266 1094 3343 generali
1112 3264 1192 3341 apud
1208 3260 1392 3331 diffinitores,
1409 3257 1491 3336 qnod

175 3354 212 3412 in
229 3370 297 3411 arce
313 3351 476 3410 Pennafort
491 3351 522 3412 iu
532 3352 680 3413 Catalouia
695 3372 730 3412 ex
746 3353 823 3429 regi·
851 3355 916 3432 ejus
931 3345 1091 3414 cessionem
1106 3356 1290 3430 receperunt.
1321 3354 1416 3427 Super
1430 3367 1490 3425 quo

174 3439 823 3520 bosdragonumduoenaoriginema.1175.
850 3448 935 3503 tauta
949 3443 1083 3503 turbatio
1104 3446 1170 3503 orto
1190 3446 1237 3501 ost
1258 3442 1290 3500 in
1314 3440 1445 3516 capitulo
1459 3440 1491 3495 at

177 3530 366 3591 Adolescens
383 3538 423 3593 20
442 3550 467 3589 a.
490 3530 592 3589 docuit
609 3532 672 3607 jam
695 3530 824 3607 philoso-
851 3552 905 3610 per
920 3533 1053 3592 ordinem
1068 3531 1184 3601 diffusa,
1208 3529 1288 3607 quod
1309 3528 1393 3588 dedit
1407 3544 1491 3586 occa·

174 3620 280 3697 phiam
298 3618 477 3678 Barcinone:
493 3619 563 3679 inde
577 3620 742 3680 Bononiam
756 3638 825 3696 pro·
852 3623 967 3682 sionem
983 3621 1136 3681 statuendi
1152 3622 1262 3697 postea,
1284 3616 1397 3693 quoda
1413 3614 1491 3674 diffi-

174 3710 279 3768 fectns
292 3707 356 3785 juri
380 3708 518 3767 canonico
541 3707 624 3769 dedit
648 3727 778 3784 operam,
795 3713 826 3767 et
852 3711 1004 3771 nitoribus
1042 3729 1101 3769 non
1140 3708 1323 3784 acciperetur
1357 3703 1492 3782 magistri

175 3799 307 3859 obtenta
322 3797 425 3855 laurea
439 3796 624 3873 aliquamdiu
639 3797 751 3875 absque
762 3799 825 3857 ullo
853 3802 953 3870 cessio,
970 3800 1028 3859 nisi
1045 3819 1080 3859 ex
1096 3800 1202 3867 causis,
1218 3816 1254 3857 cx
1270 3795 1380 3872 quibus
1391 3796 1493 3870 posset

176 3886 336 3967 stipendio
360 3886 438 3945 rexit
458 3886 636 3946 cathedram.
667 3888 770 3947 Redux
794 3888 827 3945 in
853 3889 1053 3950 absolvi‘ie.
1064 3886 1226 3963 perpetuis.
1244 3884 1491 3945 Secessitincou·

177 3975 311 4054 patriam
334 3974 558 4035 archidiaconus
582 3977 765 4037 constitutus
781 3980 828 4036 est
852 3982 977 4039 ventum
1006 3977 1134 4037 fratrum
1157 3973 1414 4048 caramuelis,
1439 3970 1493 4030 nbi

176 4066 221 4131 ab
237 4064 379 4141 episcopo
387 4064 596 4125 barcinonensi
612 4060 744 4149 (1219):
761 4085 827 4126 mox
853 4068 930 4128 vixit
953 4068 1006 4137 ,in
1031 4066 1111 4125 omni
1142 4064 1312 4134 sanctitate,
1336 4059 1494 4139 roligionis

178 4158 287 4214 tamen
324 4151 461 4212 habitum
500 4153 600 4213 induit
630 4172 652 4213 s.
685 4154 828 4215 Dominici
853 4157 1016 4233 speculum,
1042 4155 1193 4230 exemplar
1207 4154 1365 4220 virtutum,
1390 4167 1494 4210 conso·

854 4248 928 4305 latio
956 4244 1130 4323 provinciae,
1155 4244 1264 4302 zelator
1293 4240 1363 4300 fidei
1386 4257 1494 4317 propa-

221 4342 353 4447 ¹)Vita1n
375 4377 436 4457 ejus
457 4376 525 4430 olim
544 4376 674 4431 samarit
693 4376 827 4431 Claudius
854 4332 1495 4457 gaqdwintffSffmoenpslmffgffaemon'

176 4450 281 4505 mem
292 4464 355 4500 cna
370 4447 663 4518 εωῑ,1ῃομ(νῑθ,η,,,8
675 4451 723 4503 lV.
738 4448 837 4502 erudi-¹
855 4423 1130 4493 tatrs,consrlrar1us
1145 4420 1299 4499 relrgronra
1324 4465 1330 4477 .
1345 4419 1384 4478 Et
1394 4436 1497 4478 revera

176 4518 564 4584 tione,vitaesanctimonia,
581 4522 828 4588 rerumgestarum
855 4532 878 4571 s.
894 4513 982 4573 Petro
998 4512 1124 4571 Nolasco
1147 4510 1212 4569 viro
1234 4509 1329 4570 nobili
1352 4528 1387 4569 ac
1402 4508 1452 4585 pio
1466 4510 1497 4567 et

176 4592 320 4671 8101·ῑῦβῦ
333 4591 502 4671 P⁰1lfifl⁰³dl²
522 4590 672 4671 Mfflimub
694 4590 827 4672 Lugduni
855 4601 966 4661 Jacobo
981 4602 1153 4676 drogonum
1178 4599 1241 4676 regi
1258 4602 1361 4659 auctor
1376 4599 1436 4658 fuit
1450 4598 1496 4656 in-

178 4668 256 4721 1624
276 4678 305 4713 m
323 4666 370 4717 12:
393 4664 543 4716 recentrorr
558 4664 651 4715 aetate
663 4660 689 4714 J.
704 4662 828 4715 Horde-

177 4750 296 4791 mann
319 4732 406 4801 l‘apst
425 4732 614 4788 ClemenslV.
640 4732 710 4787 Eine
733 4732 829 4787 Meno·
855 4742 1015 4749 *—

176 4804 317 4878 graphie.
343 4803 400 4857 Das
413 4804 556 4858 Vorleben
576 4804 625 4858 des
638 4802 756 4873 Popstes
769 4804 828 4859 und
894 4809 915 4877 ¹)
928 4805 961 4859 ln
980 4806 1101 4873 antiquo
1122 4805 1254 4860 chronico
1273 4804 1352 4875 apud
1366 4800 1497 4868 Quodsi,

179 4898 205 4933 s.
220 4875 503 4946 Legationsregister,
518 4874 646 4929 Mdnater
658 4880 737 4933 1903.
857 4882 919 4935 106.
