3542 5350
146 308 207 362 ⁴13
421 287 573 342 Mauritius
586 286 660 352 nib,
674 285 798 341 loannes
811 285 846 340 de
859 284 964 351 Balbia,
977 284 1180 343 Marchcsinus.
1389 305 1452 358 414

144 476 218 535 nimi
235 474 379 552 suffragio
394 473 598 544 cardinalium,
622 476 787 534 comesset
813 473 985 534 Prorcdiam
1011 491 1064 532 sen
1085 472 1256 533 Catholiccu
1278 472 1453 534 nominavit.

144 563 397 642 poenitentiarius
412 563 443 622 in
460 563 541 622 curia
555 582 678 622 romana
686 563 748 623 rita
758 565 788 621 st
814 562 856 620 Ea
870 563 1003 632 continet
1014 561 1453 639 orthographiamproaodiam,

143 655 280 714 moribus
302 653 410 722 clarus,
434 651 602 728 propositus
625 651 685 710 fuit
700 651 788 712 Nico·
814 650 1047 728 grammaticam,
1085 651 1271 713 rhetoricam.
1308 651 1454 728 etymolo-

145 744 192 803 lao
208 743 257 802 IV.
275 745 312 802 ut
326 742 458 810 idoneus,
474 741 527 817 qui
542 740 711 818 patriarcha
725 740 787 799 bic·
815 739 897 816 giam
910 744 983 811 etc3
999 739 1155 815 potissima
1171 759 1241 800 uero
1256 758 1326 816 pars
1341 742 1389 799 est
1403 757 1455 798 vo·

145 832 378 910 rosolymilanus
408 830 635 890 renunciaretur
666 825 787 912 (1288).
815 828 999 888 cabularium
1020 845 1108 888 voces
1130 847 1232 890 omnes
1255 829 1376 905 primae,
1391 846 1454 887 me·

146 922 328 999 Designatus
352 937 470 996 quoque
495 919 554 978 fuit
568 920 686 996 lagatus
702 935 787 994 apos·
816 917 882 977 diae
899 921 930 976 et
944 917 1064 978 infimae
1072 918 1232 978 latinitatis
1248 919 1454 994 complectens,

142 1011 255 1070 iclicus
275 1028 331 1087 per
353 1009 561 1080 Palaestinam,
587 1008 710 1083 Syriam,
734 1007 789 1066 Ar·
816 1011 848 1066 et
862 1007 931 1067 binc
946 1009 1084 1083 respectu
1098 1025 1121 1066 a.
1132 1007 1302 1082 Scripturas
1309 1007 1455 1066 rationem

145 1101 274 1158 maniam
300 1099 331 1158 et
352 1098 489 1175 Cyprum.
514 1097 656 1156 Interfuit
679 1096 790 1157 excidio
816 1095 951 1173 glossarii
966 1096 1064 1155 babet.
1080 1095 1254 1172 Saepissime
1269 1096 1388 1172 prodiit,
1394 1096 1456 1172 jam

146 1189 231 1248 urbis
247 1187 444 1247 acconitanae.
475 1186 566 1262 Capta
587 1186 662 1245 urbe
683 1186 716 1246 in
737 1204 789 1244 na·
816 1185 990 1261 Mogontiaco
1008 1194 1090 1249 1460
1118 1183 1189 1267 (imo
1203 1185 1366 1246 secuudum
1381 1203 1456 1244 uon·

146 1297 212 1338 rem
229 1296 261 1336 se
276 1275 396 1353 recepit,
413 1275 446 1334 in
460 1293 584 1351 eamque
598 1278 647 1334 tot
661 1293 695 1334 cx
710 1274 788 1352 fagi·
817 1274 917 1334 nullos
937 1271 1033 1346 1450)
1049 1274 1130 1351 typis
1145 1275 1266 1334 omuino
1281 1273 1457 1350 primitivis3

145 1367 218 1426 tisis
233 1367 267 1424 in
292 1366 366 1424 mari
389 1364 564 1424 notantibus
588 1382 658 1439 praa
673 1363 789 1422 miseri·
818 1362 951 1422 Venetiis
976 1373 1076 1434 14833
1103 1373 1203 1431 14873
1229 1372 1330 1434 14913
1356 1373 1456 1432 1495;

145 1455 250 1515 cordia
265 1453 396 1524 admisit,
413 1452 790 1529 utpcnderepersonarum
822 1461 922 1521 1520;
945 1452 1086 1529 Lugduni
1105 1462 1204 1522 15063
1234 1461 1335 1522 15143
1357 1461 1456 1520 1520;

149 1545 392 1621 submergeretur
422 1544 512 1618 atque
542 1542 584 1600 ita
614 1542 680 1618 ipse
703 1541 792 1618 pariit
818 1541 1041 1618 Ndrambcrgaa
1059 1547 1222 1611 14860tc3
1239 1542 1289 1600 alii
1303 1561 1369 1600 eam
1378 1541 1458 1600 mul·

149 1628 274 1712 (1291).
298 1665 341 1676 -
365 1631 532 1690 Plenicrem
554 1630 791 1690 concordantiam
818 1633 884 1688 tum
899 1629 1032 1698 laudaut,
1049 1631 1321 1706 deprimuntaliiet
1335 1629 1457 1706 quidem

151 1723 260 1782 realem
283 1721 406 1798 collegit
428 1720 641 1780 Mauritius
664 1719 696 1779 0.
719 1719 790 1778 Min.
818 1719 915 1778 nimis.
946 1719 1029 1778 Inter
1057 1738 1194 1779 censores
1217 1720 1328 1780 eminet
1348 1720 1457 1778 Eras-

150 1811 330 1882 (secundum
346 1810 419 1870 alios
435 1805 593 1890 O.Praed.)
609 1809 737 1886 Anglaa,
754 1808 792 1868 ab
818 1825 908 1877 mus,
935 1808 1078 1883 quitum
1102 1809 1134 1868 in
1158 1827 1257 1885 opusc.
1282 1809 1319 1868 de
1343 1807 1458 1868 ratione

148 1901 215 1959 aliis
248 1899 484 1958 Hibernicus
519 1898 745 1974 cognominatus
775 1917 792 1955 a
819 1896 923 1966 studii,
939 1902 1005 1956 tum
1020 1898 1052 1956 in
1068 1898 1223 1974 colloquiis
1245 1897 1310 1972 ejus
1324 1896 1457 1956 latinita-

150 1988 312 2066 provincia,
329 1989 361 2047 in
377 2007 467 2063 quam
482 1987 727 2064 sueritreceptus,
737 2006 792 2045 na·
819 1991 880 2045 tem
890 1987 994 2045 acerba
1009 1987 1153 2064 suggillat
1167 1989 1198 2046 et
1206 1987 1293 2046 ridet.
1307 2020 1353 2031 -
1368 1986 1458 2046 Mar·

150 2078 345 2152 tioneeuim
375 2076 494 2136 ridetur
531 2075 621 2136 faisse
652 2071 791 2157 Gallus1).
820 2075 1315 2153 chesinusaBegioLepidi
1338 2076 1459 2135 civitate

149 2169 233 2244 Opus
240 2166 433 2226 inscribitur:
450 2166 793 2224 Sumnaadislincticnum
819 2164 985 2225 matinensi
1000 2165 1032 2224 0.
1048 2165 1129 2234 uin..
1146 2164 1183 2224 ab
1198 2163 1265 2224 aliis
1287 2163 1306 2223 J
1314 2182 1459 2225 oannes

151 2260 267 2337 (1111)
294 2255 331 2315 de
353 2255 407 2324 bis,
431 2273 506 2330 quae
529 2253 738 2331 inScripturis
755 2272 792 2313 ss.
820 2253 1094 2314 Marcbesinus
1131 2253 1238 2321 dictus,
1270 2253 1331 2313 lere
1362 2253 1459 2312 simile

152 2345 354 2412 continentur,
380 2343 482 2402 ordine
507 2343 699 2420 alphabetico.
730 2344 793 2402 Hae
820 2339 1023 2423 compilavits)
1049 2361 1134 2419 opus,
1160 2342 1374 2402 Dictionarium
1398 2341 1459 2401 scil.

148 2434 360 2494 distinctiones
376 2435 449 2492 suut
463 2431 674 2492 vocabulorum
683 2450 705 2492 a.
716 2431 792 2490 Scri-
821 2430 1033 2491 vocabulorum
1042 2432 1214 2500 bibliorum,
1231 2431 1393 2490 latinarum
1407 2450 1459 2492 ro·

149 2533 259 2602 pluras
284 2520 484 2598 expositiones
509 2521 672 2582 secuudum
694 2520 794 2597 tripli·
821 2538 897 2589 cum,
908 2520 1114 2596 prolationem,
1130 2526 1285 2580 accentum
1299 2521 1461 2599 acaignifi·

150 2633 214 2672 cern
231 2612 281 2671 vel
296 2609 524 2688 quadruplicem
539 2629 669 2682 sensum,
685 2628 746 2687 quo
762 2611 795 2669 in
821 2609 967 2670 rationem
992 2630 1010 2670 a
1034 2610 1139 2671 Genesi
1163 2629 1258 2686 usque
1282 2611 1320 2670 ad
1344 2612 1458 2689 Apoca-

147 2702 262 2762 diainis
278 2701 374 2763 literis
389 2704 560 2769 sumuntur,
580 2700 793 2761 concionatori·
821 2699 930 2776 lypsim
936 2717 1035 2759 crassa
1041 2701 1148 2759 etrudi
1155 2701 1290 2760 Minerva
1299 2701 1459 2777 explicans,

148 2792 209 2852 bus
223 2790 325 2852 utiles.
341 2790 388 2850 Ab
402 2792 525 2851 auctore
540 2790 588 2849 vel
602 2790 639 2849 ab
654 2789 721 2847 aliis
737 2788 795 2847 init
821 2807 882 2847 una
897 2806 966 2846 cum
981 2789 1145 2865 cujuslibet
1153 2790 1224 2848 libri
1232 2790 1365 2868 prologo,
1381 2789 1461 2866 quod

148 2900 212 2941 nou
235 2880 327 2940 semel
348 2878 565 2955 interpolatum
588 2877 636 2937 rel
660 2880 793 2947 auctum;
822 2878 894 2951 quia
907 2877 1035 2937 rudibus
1045 2877 1160 2937 clericis
1170 2883 1201 2937 et
1209 2878 1307 2938 adhuc
1316 2879 1349 2937 in
1358 2879 1462 2956 lingua

149 2969 266 3047 prodiit
288 2988 323 3027 er
345 2970 431 3044 parte
455 2964 574 3049 (A-ll)
599 2967 656 3026 sub
670 2966 794 3043 inscrip·
822 2966 916 3025 latina
931 2966 1100 3027 infantibus
1124 2968 1219 3027 veluti
1234 2987 1393 3027 mammam
1408 2986 1461 3027 sn·

147 3061 233 3118 tione
256 3058 469 3129 Dictiorroriam
492 3075 515 3115 a.
532 3048 712 3133 Scripturas,
736 3055 791 3115 Vc·
820 3056 949 3133 gandam
964 3060 995 3115 et
1009 3056 1148 3115 manibus
1158 3056 1461 3132 puerilibustractan·

147 3148 243 3207 netiis
263 3155 346 3211 1603
362 3146 429 3205 inf.
821 3144 890 3203 dam
913 3143 1010 3204 instar
1034 3145 1101 3220 piae
1124 3146 1249 3205 nutricis
1278 3146 1460 3215 exhibuerat,

823 3233 1062 3309 Mammotrcpton
1100 3234 1260 3311 inscripsit,
1300 3253 1460 3313 suppresso

200 3333 273 3388 218.
288 3324 356 3383 Huc
365 3323 441 3383 forte
451 3323 556 3382 referri
565 3325 667 3399 potest
682 3322 793 3383 Joan-
821 3341 893 3398 prae
925 3323 1097 3383 bumilitate
1127 3325 1176 3383 aui
1211 3323 1308 3401 ipsius
1332 3324 1460 3393 nomine,

148 3432 220 3475 nes
236 3412 273 3472 da
289 3412 423 3472 Balbis
446 3408 594 3493 (Balbus),
612 3412 732 3471 Geuuae
747 3432 794 3472 or·
821 3429 874 3487 pro
890 3430 950 3490 quo
965 3417 1066 3488 postea
1076 3414 1295 3491 Mammotrepti
1311 3410 1461 3495 (corrupte

148 3512 214 3572 tus,
230 3502 301 3561 binc
316 3502 352 3562 de
367 3500 387 3560 J
394 3520 491 3561 anua
506 3497 646 3583 dictus'),
664 3502 793 3579 quicum
822 3501 1073 3571 Mammotrectns,
1083 3503 1308 3562 liamrnctretus
1323 3498 1390 3583 etc.)
1407 3521 1461 3562 no·

145 3594 234 3653 esset
244 3592 306 3668 jam
329 3591 435 3651 aetatis
457 3594 599 3659 maturae,
622 3591 794 3666 temporali·
821 3608 891 3649 mon
906 3589 1106 3649 invalescente
1114 3590 1461 3651 consuetudineaortitus
1568 3646 1571 3655 .

149 3683 211 3741 bus
242 3679 348 3757 opibus
377 3679 458 3739 haud
489 3699 596 3757 parum
630 3679 793 3749 abundans,
821 3682 875 3739 est.
892 3679 1111 3756 Adjecitplura
1131 3680 1275 3756 opuscula
1292 3680 1368 3739 ads.
1385 3680 1462 3740 Scri·

148 3769 354 3832 substantiam
375 3786 491 3827 omnem
516 3769 548 3828 iu
572 3787 717 3846 pauperes
733 3767 793 3827 dis·
822 3802 980 3811 -—

148 3859 265 3919 tribuit
287 3861 318 3917 et
341 3858 516 3934 religionem
541 3876 562 3917 s.
578 3857 726 3917 Dominici
748 3859 794 3916 in·
861 3852 879 3923 ¹)
894 3848 1461 3915 Cf.StreberKL.l⁷lll,586.loannesAe.

147 3966 278 4027 gressus
307 3951 360 4007 cst.
391 3946 446 4005 Hic
476 3947 592 4005 utiliter
622 3947 795 4023 compilarit
822 3920 1264 4005 ⁸.iii¹¹⁸.9‘Mi¹¹·7¹“¹¹.²⁰f⁸¹¹.⁸i⁸
1277 3922 1462 4005 Sanciiprin-

563 4024 564 4027 =
736 4036 742 4048 .
822 4008 902 4061 capas,
928 3993 982 4046 filu
1005 3993 1146 4063 Alphonsr
1167 4010 1241 4063 regis
1262 3994 1400 4049 Castellae
1422 4013 1463 4048 rn-

149 4040 306 4098 Summam
327 4036 583 4113 immmaffflissm’
600 4055 689 4112 (imm
705 4037 795 4095 susm
823 4066 954 4127 structor,
976 4071 1089 4134 praeter
1109 4067 1193 4135 plura
1213 4066 1364 4137 etprolira
1376 4082 1462 4137 opera

822 4134 932 4189 inedita
951 4136 1113 4205 composuit
1132 4137 1278 4192 Summam
1300 4138 1335 4191 de
1357 4155 1462 4193 correc-

824 4204 901 4261 tione
926 4206 1044 4271 bibliae,
1063 4212 1092 4261 et
1112 4208 1274 4263 Armarium
1296 4225 1345 4263 seu
1365 4210 1462 4264 Archi·

165 4281 170 4290 ’
189 4286 210 4344 ¹)
226 4274 268 4331 Ci.
282 4276 317 4331 de
330 4275 375 4329 his
393 4273 578 4346 opinionibus
592 4275 692 4341 Quetil
702 4278 721 4342 Ι,
733 4282 794 4344 484,
823 4278 903 4333 vium
916 4278 1044 4333 omnium
1058 4278 1282 4350 Scripturaram:
1303 4280 1373 4350 quid
1386 4281 1462 4335 hisce

147 4349 202 4419 qui
217 4346 424 4403 controversias
435 4348 485 4401 has
494 4365 551 4402 non
559 4346 648 4401 audet
654 4348 795 4415 dirimere,
822 4348 853 4401 in
866 4349 1001 4417 operibus
1013 4352 1159 4414 tractetur,
1176 4369 1235 4407 non
1254 4353 1328 4417 satia,
1340 4352 1463 4407 assecuti

148 4422 221 4475 binc
235 4418 318 4474 illum
332 4418 496 4474 auctoribus
514 4419 559 4473 sui
572 4418 631 4474 ord.
645 4420 741 4474 dubiis
752 4437 794 4475 ao·
823 4436 930 4475 sumus.
956 4420 1054 4477 Eidem
1067 4423 1205 4478 tribuitur
1222 4427 1314 4480 Passio
1325 4445 1348 4481 a.
1359 4427 1465 4480 Nicator·

147 4494 260 4547 causet.
285 4489 326 4546 cf.
340 4493 369 4545 et
381 4488 551 4545 Bellesheim
574 4508 619 4561 op.
634 4491 681 4546 cit.
693 4509 722 4562 p.
734 4497 795 4550 476·
823 4491 914 4616 Raeti,
929 4493 1084 4549 Alchamae
1102 4495 1178 4566 regis
1198 4494 1258 4560 filii,
1281 4499 1310 4549 et
1321 4495 1462 4551 sociorum

192 4569 211 4625 0
226 4561 311 4616 Alius
320 4563 358 4617 ab
367 4578 400 4616 co
410 4562 796 4617 estAlbertusdeJauue
852 4562 1130 4620 icolaietbeouardi
1169 4569 1379 4635 reabyterorum
1393 4584 1464 4622 mar·

148 4634 183 4689 0.
200 4634 308 4688 Praed..
323 4632 494 4714 quilelectus
513 4634 544 4688 iu
564 4632 673 4688 ordinis
695 4635 797 4706 magis·
824 4636 921 4702 tyrum
934 4639 958 4706 (r
971 4652 993 4689 c.
1007 4640 1069 4707 577)
1089 4586 1169 4708 apog
1181 4638 1343 4693 Ledesmam
1357 4640 1388 4691 in
1402 4639 1463 4693 Hia-

149 4713 231 4761 trum
256 4708 323 4775 post
346 4705 488 4758 bimestre
519 4705 638 4759 decessit
667 4722 693 4758 a.
718 4710 797 4763 1300.
825 4705 958 4775 paniain
972 4707 1464 4767 AcusSS.31.0ctx111.sacs.cf.

147 4778 336 4833 'l'ribuuntur
347 4775 405 4847 ipsi
418 4776 621 4829 commentaria
635 4776 726 4833 intll.
737 4792 798 4831 sen·¹
824 4776 959 4831 Sbaralea
972 4795 1000 4846 p.
1014 4782 1066 4835 383
1079 4797 1115 4839 a:
1129 4780 1191 4835 Nic.
1200 4780 1343 4835 Antonius
1356 4782 1386 4833 in
1395 4780 1463 4835 bibl.

149 4848 320 4904 tentiarurn.
824 4847 907 4917 Hisp.
921 4850 976 4901 vet.
990 4849 1093 4913 ΙΙ,1.9.
1108 4868 1130 4911 c,
1145 4856 1159 4907 1
1174 4870 1201 4907 u.
1215 4857 1230 4907 'l
1244 4870 1279 4904 sa.
