3542 5350
171 298 254 354 1457
601 282 724 350 Treazio,
738 283 872 350 Sanutus,
886 282 1043 339 0556515151.
1393 301 1474 356 1453

166 468 199 526 Τ.
227 478 255 530 7.
285 467 413 543 denique
443 469 576 528 continet
605 473 723 546 praeter
751 470 807 529 alia
834 470 950 530 Patavii
972 469 1124 547 magistris
1149 487 1221 528 usus
1247 473 1293 528 est
1317 471 1366 528 05.
1392 469 1477 528 Valla

167 557 375 633 responsiones
405 557 441 615 ad
471 559 701 633 protestationes
739 559 806 619 illo·
836 559 1475 635 8515511155,Μ.115555556Ρ5655155]ρο-

166 666 243 717 rum,
269 646 323 722 qni
347 645 384 704 ad
406 647 544 723 generale
568 638 729 708 concilium
753 648 807 707 tri·
834 649 925 718 natio,
942 648 1083 708 adsersus
1098 667 1188 723 quem
1203 647 1391 722 postmodum
1406 648 1437 705 ll.
1457 657 1473 710 2

165 734 326 794 dentinum
346 736 448 794 venire
471 740 676 800 5556555556.
694 769 738 780 -
754 737 806 795 Al·
835 739 870 796 de
899 739 1114 796 immortalitate
1145 739 1262 796 555555
1291 737 1475 811 conscripsit,

165 824 307 883 binianus
330 824 489 883 Tretius
513 824 701 904 (Albigniani
722 826 805 884 Trea·
835 831 871 884 at
902 844 993 902 supra
1017 846 1045 902 p.
1074 835 1158 889 1284
1184 825 1320 884 diximus.
1351 825 1476 884 Emenso

165 909 224 992 aio)
252 913 331 988 juris
361 913 525 984 consultus,
552 914 632 990 juris
656 915 755 974 civilis
778 916 808 973 et
835 914 1004 974 studiorum
1021 913 1356 990 curriculoarepubliea
1371 917 1477 975 veneta
1568 981 1569 984 Ἴ

165 1001 301 1060 canonici
316 1001 399 1061 Trini
422 1002 578 1078 professor,
594 1002 760 1080 disputavit
773 1004 809 1062 de
835 1009 936 1063 orator
952 1003 1061 1064 missus
1078 1007 1215 1066 est1521
1238 1003 1275 1063 ad
1285 1003 1421 1062 05551555
1431 1002 1474 1072 V,

158 1092 314 1164 pontificia
337 1092 486 1167 dignitate,
505 1091 646 1152 thesauro
662 1092 808 1151 Ecclesiae
836 1111 926 1168 quem
941 1112 995 1169 per
1010 1093 1149 1170 Angliam
1168 1093 1200 1150 in
1215 1092 1388 1168 Hispaniam
1402 1110 1475 1151 eun·

165 1187 198 1240 et
211 1179 396 1239 consessione
417 1183 521 1239 contra
540 1181 733 1251 butheraucs,
750 1180 808 1240 Ve-
835 1185 897 1241 tem
904 1183 1062 1241 comitatus
1071 1186 1126 1241 est.
1142 1182 1183 1241 Eo
1191 1200 1314 1240 munere
1323 1185 1476 1260 65515555-

164 1268 257 1328 netiis
279 1278 359 1331 1545
376 1269 409 1327 15
426 1278 461 1340 83
483 1269 515 1327 in
537 1273 621 1329 tract.
640 1271 704 1343 jur.
725 1270 806 1329 uuir.
835 1272 912 1330 clare
927 1271 1049 1330 functus
1064 1273 1119 1340 est,
1136 1269 1474 1347 utingrarissimissta·

163 1363 187 1416 t.
205 1357 276 1416 x111
290 1377 319 1434 p.
340 1369 351 1420 1
371 1377 439 1434 pag.
459 1368 537 1429 1303
558 1359 667 1435 adjecit
682 1362 807 1419 annota-
834 1363 886 1419 tus
901 1361 1031 1436 negotiis
1047 1359 1239 1419 adhiberetur
1251 1364 1282 1418 et
1292 1358 1476 1434 praefectura

162 1447 264 1506 tiones
280 1446 318 1505 ad
332 1447 410 1506 0511.
426 1447 582 1523 deBnysio
598 1449 808 1507 commentaria
835 1448 1031 1508 decoraretur.
1048 1448 1139 1508 Paulo
1155 1451 1223 1524 post
1237 1449 1354 1524 legatus
1364 1448 1475 1506 551015-

163 1535 199 1594 15
214 1535 367 1595 decretum
384 1536 529 1606 Gratiani,
553 1536 686 1596 Venetiis
707 1547 806 1608 15133
835 1545 966 1597 mentem
982 1538 1045 1597 Vll.
1067 1557 1133 1597 arce
1151 1556 1175 1596 s.
1191 1537 1299 1614 Angeli
1321 1538 1476 1596 detentum

168 1635 268 1694 15993
298 1634 398 1693 1577;
428 1633 527 1695 1586;
557 1636 636 1690 1661
665 1627 697 1685 15
719 1626 739 1689 f.
764 1659 806 1688 ·.-
837 1623 950 1708 (1527)
976 1627 1087 1686 missus
1112 1631 1166 1696 est,
1192 1630 1228 1685 ut
1249 1645 1318 1684 eum
1342 1626 1475 1685 libertati

162 1714 274 1772 Petrus
288 1713 429 1773 Aurelius
445 1713 619 1773 Sanetus
634 1714 667 1773 0.
684 1715 711 1773 S.
727 1717 805 1791 Aug.
836 1717 956 1775 restitui
966 1721 1092 1777 curaret.
1108 1715 1269 1792 Legatioue
1284 1730 1405 1776 romana
1421 1715 1475 1774 ali·

162 1802 310 1879 patricius
326 1805 461 1873 venetus,
484 1803 650 1880 theologiae
664 1805 809 1880 magister
835 1805 1011 1880 quotannis
1033 1806 1144 1880 optime
1167 1804 1342 1880 perfunctus
1357 1804 1476 1880 aliaque

159 1896 195 1950 et
211 1891 382 1967 provinciae
397 1891 558 1950 tarvisinos
567 1893 743 1962 moderator,
761 1893 808 1951 vir
834 1893 1287 1969 iterumadimperatoreminter
1298 1892 1476 1968 reipublicae

161 1981 334 2057 prudentia,
351 1979 488 2039 doctrina
509 1985 541 2039 et
555 1982 634 2041 vitae
650 1983 807 2040 sanctitate
835 1989 985 2043 senatores
1008 1987 1054 2042 est
1076 1986 1240 2058 cooptatus.
1272 1982 1317 2042 Ob
1342 1982 1475 2059 insignes

162 2069 295 2147 insignis
316 2065 347 2151 (t
364 2078 415 2132 ’16.
430 2072 507 2147 Aug.
528 2067 634 2152 1553),
658 2075 807 2130 recentem
834 2072 968 2147 ejusdem
984 2072 1068 2132 dotes
1083 2093 1101 2130 a
1116 2071 1207 2130 Paulo
1223 2071 1275 2130 111.
1300 2071 1474 2130 meritorum

163 2159 402 2219 Lutberaaomm
416 2161 805 2236 sermionamoppapaatio·
830 2161 915 2236 justo
931 2161 1120 2220 aestimatore
1142 2164 1174 2219 et
1188 2160 1221 2219 iu
1237 2159 1396 2237 seligendis
1412 2179 1473 2219 ear·

162 2267 228 2306 aem
244 2247 390 2324 vulgavit,
407 2246 540 2307 Venetiis
559 2259 659 2319 1543;
685 2249 806 2308 Parisiis
834 2249 985 2309 diualibus
999 2249 1178 2318 felicissimo,
1195 2249 1252 2308 etsi
1267 2249 1364 2308 adhuc
1379 2250 1474 2308 laicus

165 2345 268 2407 1549;
288 2346 388 2406 15503
405 2339 436 2394 et
451 2337 607 2396 Alberti
629 2338 665 2396 de
681 2338 807 2397 Saxonis
834 2337 1380 2414 555555165556505551565521115).
1392 2347 1472 2402 1535

156 2427 293 2503 loycam
310 2425 444 2484 Venetiis
463 2434 546 2488 1522
563 2426 629 2484 inf.
834 2427 1068 2505 designatusque
1084 2427 1137 2503 qui
1153 2427 1297 2486 cumaliis
1307 2428 1381 2486 viris
1391 2445 1475 2504 egre·

834 2517 893 2594 giis
901 2513 923 2598 ι)
935 2516 1057 2577 55551115
1067 2515 1318 2576 sueconferretad
1327 2516 1476 2576 Ecclesiae

209 2613 284 2667 669.
300 2603 466 2662 Plurimum
481 2603 616 2663 innotuit
623 2601 645 2682 ¹)
666 2604 806 2682 Caepar
833 2607 1089 2665 reformationem:
1102 2605 1475 2683 quoinnegotiolibertate

157 2696 409 2754 0556555555
442 2689 618 2774 (0556555151)
644 2694 805 2753 clarissimo

157 2801 272 2861 genere
288 2782 421 2841 Venetus
440 2781 805 2865 160561483556551)1
834 2850 858 2918 (τ
873 2851 960 2919 1476).
982 2848 1064 2918 cujus
1085 2864 1157 2917 opus
1178 2848 1364 2918 praecipuum
1385 2851 1428 2902 est
1440 2849 1476 2903 de

832 2920 925 2985 rebus,
932 2919 1037 2988 quibus
1049 2919 1111 2989 ipse
1121 2918 1253 2973 interfuit
1259 2919 1345 2989 gestis
1353 2919 1384 2972 in
1394 2919 1475 2973 Etru

201 2990 222 3059 ¹)
254 2986 440 3043 Reumcnt
470 2988 562 3043 Briefe
593 2986 713 3059 heiliger
745 2988 805 3043 und
833 2993 876 3044 ris
888 2996 959 3047 1453
979 2990 1015 3043 ab
1035 2990 1183 3061 alphonso
1203 3006 1269 3060 rege
1283 2990 1474 3061 neapolitano,

155 3058 417 3130 gottesfdrchtiger
429 3060 571 3126 ltaliener,
589 3059 722 3129 Friburgi
734 3063 806 3117 1874
833 3078 850 3114 a
863 3061 980 3117 Venetis
1000 3063 1029 3114 56
1040 3062 1212 3119 Senensibus
1225 3062 1255 3117 ll.
1269 3062 1316 3117 lll.
1330 3094 1363 3103 —
1377 3060 1418 3115 De
1431 3062 1446 3115 J
1450 3079 1476 3117 o.

159 3151 191 3203 p.
204 3135 277 3188 234:
296 3131 329 3183 lu
348 3131 399 3185 der
419 3130 585 3186 Gesehichte
607 3131 657 3186 der
678 3130 804 3186 Reform·
833 3132 874 3186 Ba
896 3133 963 3187 tiata
977 3131 1204 3188 nuceram.
1217 3134 1255 3203 (ll.
1269 3136 1349 3203 1654)
1361 3133 1475 3203 egimus

160 3207 325 3273 bewegung
344 3202 394 3256 des
413 3207 456 3260 16.
475 3203 574 3259 Jahrb.
592 3202 657 3273 gibt
673 3219 703 3257 55
721 3203 804 3258 keine
833 3207 853 3260 6.
861 3153 909 3270 lli,
918 3208 997 3261 1454.
1011 3238 1043 3246 -
1058 3203 1199 3259 1115555
1206 3222 1261 3273 ynr
1272 3221 1312 3257 us
1326 3203 1476 3285 Orpreeter

157 3273 375 3344 ehrwdrdigere
399 3274 459 3327 und
477 3274 608 3399 angelon
622 3274 805 3341 5155515555-
833 3276 924 3329 totius
932 3275 1007 3331 orbis
1020 3274 1250 3345 descriptionem,
1259 3274 1387 3329 Venetus
1395 3280 1473 3339 1605,

155 3346 227 3399 dere
235 3344 348 3399 Gestalt
355 3344 398 3398 als
405 3344 451 3399 die
459 3345 508 3399 des
538 3346 599 3399 ard.
607 3344 639 3399 G.
649 3344 803 3411 Oontarini,
832 3346 943 3418 publici
957 3348 1028 3417 juris
1042 3346 1199 3416 fecitopus,
1211 3346 1288 3415 quod
1299 3349 1417 3401 vocetur
1427 3364 1474 3401 au·

157 3417 190 3469 in
201 3415 804 3487 welchemsichWissenmitFrdmmigkeit,
832 3434 921 3481 reum,
941 3419 972 3471 in
986 3418 1123 3473 Thomsm
1137 3425 1170 3471 A.
1191 3422 1223 3473 dc
1242 3428 1298 3472 ente
1319 3428 1342 3471 et
1355 3424 1475 3483 recentia,

157 3488 418 3542 5655655555155155
431 3487 600 3558 Thrngkeit
615 3487 669 3541 mit
681 3493 804 3543 55556555
831 3490 1141 3547 151656-1555555
1156 3488 1287 3560 Baptista
1296 3488 1475 3543 C.Patrieius

156 3558 461 3614 schriitstellerischeu
473 3558 601 3623 Wirlreu,
623 3559 804 3614 0516155556-
852 3561 1015 3629 hysicorum
1029 3560 1248 3632 perscrutationi
1262 3564 1323 3614 erat
1335 3560 1474 3615 addictus.

156 3630 205 3684 nis
228 3628 284 3683 mit
305 3628 415 3683 llreude
437 3646 475 3683 au
496 3630 803 3700 Zurliolsgezogenheit,
832 3581 903 3701 ljos
915 3635 1007 3687 deDeo
1021 3635 1130 3700 atquae
1139 3648 1172 3685 ex
1180 3630 1238 3685 Deo
1247 3630 1379 3686 effluxere
1388 3631 1418 3686 ll.
1426 3631 1473 3697 llI,

154 3703 212 3756 Fes
230 3700 236 3711 “
261 3700 804 3782 156551181655505550556555516111155
832 3703 1004 3773 prodierunt
1015 3702 1144 3758 Venetiis
1157 3707 1242 3763 1594;
1257 3708 1419 3773 perorationes
1428 3722 1474 3773 pe-

156 3772 222 3827 und
262 3771 486 3825 ersdhnhchlreit
497 3772 529 3825 in
541 3772 692 3842 religidaen
706 3772 804 3827 865516-
831 3779 988 3843 ripatatr'cce
1001 3774 1133 3829 derebus
1147 3774 1330 3828 naturalibus
1343 3774 1378 3827 ad
1395 3777 1473 3829 'men-

156 3844 263 3914 155555
279 3842 465 3913 vereinigten.
832 3848 890 3899 tem
903 3845 1063 3900 Aristotelis
1083 3844 1269 3911 examinatae,
1289 3846 1327 3900 ib.
1348 3850 1427 3902 1617.
1442 3878 1473 3887 -

161 3959 164 3964 ,
197 3918 219 3985 5)
233 3913 432 3968 lllustrisaima
445 3921 489 3970 eet
502 3913 802 3969 contareuorum
833 3916 912 3972 Juli
922 3935 961 3971 us
976 3916 1005 3971 0.
1019 3917 1243 3986 arciepiscopus
1256 3916 1434 3972 bellunensis
1447 3919 1476 3971 56

155 3983 283 4047 familia,
309 3985 391 4066 cujus
417 3986 515 4055 plures
539 4000 674 4055 magnam
705 3986 805 4055 adepti
832 3987 1125 4060 555615511561576).
1140 4022 1172 4029 -
1186 3988 1244 4042 Alii
1254 3989 1340 4058 hujus
1352 3988 1474 4043 nominis

154 4058 229 4110 sunt
241 4055 489 4112 nominrsfamam.
502 4057 803 4125 ltapraeternostrum
832 4059 911 4113 fuere
925 4059 1109 4129 magistratus
1123 4059 1233 4130 politici
1248 4060 1292 4115 rel
1304 4060 1371 4115 belli
1381 4059 1474 4115 duces.

154 4130 181 4181 A
190 4126 383 4182 mbrosius
404 4127 433 4184 0.
458 4128 633 4183 Venetorum
655 4135 717 4181 erat
729 4128 804 4198 lega-
833 4130 874 4185 01.
889 4130 1035 4185 Fabricius
1047 4130 1117 4186 bibl.
1131 4132 1279 4197 lat.1,392
1293 4150 1314 4185 s.

155 4204 207 4254 655
238 4199 277 4253 ad
307 4198 421 4253 Persiae
450 4216 546 4270 regem
573 4198 804 4254 Usuncaasanum
871 4206 891 4274 ¹)
907 4202 1008 4255 Hialii
1018 4202 1074 4257 viri
1084 4202 1298 4272 insignesfuere
1312 4202 1473 4267 Oaraffa,

150 4274 324 4343 (1473-77)
337 4270 449 4340 iterque
462 4288 547 4324 suum
560 4269 702 4340 persicum
715 4270 804 4325 literis
833 4272 998 4339 Sadolet,
1025 4273 1121 4337 Polo,
1148 4274 1214 4329 Fre
1251 4291 1322 4339 oso,
1347 4276 1474 4329 Alaeu-

152 4342 343 4413 consignarit
354 4341 439 4413 (inter
451 4342 555 4412 Script.
567 4358 627 4412 reg.
636 4358 708 4410 pers.
719 4344 805 4396 Fran·
832 4343 903 4409 der,
919 4344 1078 4403 (liberti,
1092 4344 1215 4399 'l'homas
1259 4346 1320 4399 adi
1329 4362 1353 4399 a.
1366 4346 1406 4399 De
1419 4346 1474 4398 sin·

150 4413 267 4467 cofurti
281 4417 349 4470 1601
361 4416 559 4484 pass-512).
572 4445 607 4453 -
621 4412 804 4481 Aloysius
832 4415 910 4485 gulis
919 4415 1473 4488 suisloeisegimusexceptohocultim0‚

153 4482 345 4556 (leudoricus)
364 4486 396 4541 0.
409 4482 515 4538 Crucif.
532 4483 671 4538 avunculi
680 4484 725 4538 sui
739 4484 804 4540 Oss-
833 4486 884 4553 qui
904 4486 1018 4556 scriptis
1038 4504 1097 4541 non
1116 4486 1253 4543 innotuit.
1279 4487 1346 4540 Fuit
1365 4487 1474 4557 origine

151 4555 246 4628 paris,
259 4554 294 4608 de
308 4572 365 4623 quo
378 4554 501 4625 egimus,
512 4554 604 4609 edidit
610 4554 804 4613 Parisiislbll
833 4557 1474 4627 Mutinensis,professionedominicanusmu·

151 4642 256 4697 opera,
264 4627 294 4680 et
301 4625 408 4681 Romae
415 4626 550 4696 vulgavit
557 4630 627 4684 1569
636 4630 805 4683 055556ιί555
833 4644 899 4682 5555
905 4629 1068 4697 magisters.
1079 4629 1187 4699 palatii,
1199 4628 1473 4683 meritoaPaulolll.

151 4700 368 4763 dell’Antr'clritd,
380 4700 444 4762 Sita,
457 4701 547 4753 0151555
559 4699 612 4752 etc.
629 4701 759 4754 dilloma.
770 4732 804 4740 -
832 4701 942 4752 creatus
956 4703 1047 4759 (1542)
1061 4700 1223 4754 cardinalis.
1237 4701 1308 4753 Eum
1319 4700 1394 4753 idern
1406 4716 1474 4768 pon-

151 4770 310 4824 Gosmas
324 4769 353 4823 0.
369 4772 431 4823 erat
442 4768 592 4823 canonista
604 4768 718 4823 Patavii
726 4774 803 4827 1460.
832 4769 903 4822 tifex
916 4768 1032 4823 miserat
1044 4776 1116 4827 1540
1128 4788 1192 4825 cum
1207 4772 1272 4825 aliis
1285 4770 1424 4840 delegatis
1437 4771 1474 4824 ad

150 4873 193 4883 --
204 4839 434 4894 Franciscus
447 4839 476 4899 0,
487 4842 548 4893 erat
557 4839 805 4911 historiographus
832 4839 1009 4907 colloquium
1023 4842 1220 4896 wormatiense
1234 4846 1257 4911 (t
1271 4846 1360 4913 1547).
