3542 5350
311 313 370 365 115
769 297 955 350 1142-1170.
969 292 995 347 S.
1009 291 1163 363 Scriptura.
1556 310 1566 361 1
1579 310 1617 362 15

308 484 393 555 cepto
418 479 491 537 dans
516 479 563 536 illi
586 479 731 538 minorem
754 477 877 554 gloriam
892 478 948 537 Dei
975 479 1021 538 ed.
1059 472 1184 560 Sackur)
1222 475 1331 536 muter
1367 476 1618 552 vehementerque

308 568 405 626 Patris
421 568 516 644 gloria
531 586 584 643 pro
600 586 643 637 eo,
664 567 743 643 quod
760 572 866 626 natura
881 568 947 642 ejus
974 568 1077 644 plnres
1093 565 1284 643 reprehendit
1291 564 1414 635 ebusus,
1424 564 1618 641 ostenditque

307 657 436 716 humana
446 656 608 715 secundum
624 656 672 715 sui
681 655 882 716 conditionem
892 654 947 714 mi·
975 652 1041 737 (sed
1071 657 1171 715 minus
1201 656 1278 714 olere
1308 658 1340 712 et
1360 651 1510 733 practice),
1541 655 1615 730 quid

306 764 362 805 nor
378 745 529 805 estPatris
539 748 653 812 natura,
671 745 719 804 eui
729 749 946 819 tamenaequa-
975 764 1123 821 quemque
1137 743 1311 804 inllcclesia
1326 746 1439 802 statum
1455 743 1617 804 deoeetde·

306 835 344 893 lis
359 838 405 894 est
419 835 451 893 in
467 825 562 912 gloria
579 886 584 899 ,
603 884 608 898 .
625 880 633 896 .
649 835 739 893 Porro
756 833 848 893 altera
864 827 946 913 (hee
975 835 1144 910 deceatqm.
1156 832 1568 908 cumquihusdamnonnulla
1582 833 1616 892 in

306 924 394 1003 rosis)
424 943 483 982 non
515 924 611 982 aufert
635 923 757 995 christo,
783 922 835 981 sed
857 923 948 981 nimis
974 941 1009 982 eo
1017 923 1247 1000 displicuissent,
1256 924 1374 980 coaetus
1386 922 1615 997 estopusedin·

308 1013 417 1071 tribuit
432 1012 616 1082 antichristo,
633 1012 706 1071 dum
722 1011 888 1070 sacerdotes
903 1011 947 1070 of·
975 1012 1079 1072 eudem
1096 1030 1234 1071 revocare
1256 1010 1415 1085 omniaque
1431 1028 1470 1068 ss.
1494 1016 1616 1086 patrum

309 1102 374 1161 ficio
388 1101 488 1160 divino
502 1119 555 1160 seu
567 1101 774 1161 communione
786 1100 949 1159 christiana
975 1101 1227 1176 conciliorumque
1241 1099 1472 1174 auctoritatibus
1482 1118 1617 1158 commu·

307 1191 489 1267 synodaliter
512 1190 646 1266 privatos
662 1190 780 1265 asserit
795 1189 826 1247 iu
842 1188 947 1249 officiis
975 1191 1048 1260 nire,
1056 1192 1092 1249 ut
1102 1189 1255 1250 Gerhohus
1263 1189 1347 1265 rejici
1356 1207 1416 1247 nou
1427 1192 1532 1264 posset,
1542 1191 1617 1264 quin

306 1279 507 1356 praesumptis
516 1279 645 1338 Ecclesia
652 1278 872 1338 contradicente
879 1295 948 1337 con·
975 1284 1075 1356 patres
1091 1283 1122 1338 et
1145 1279 1270 1338 coucilia
1288 1278 1490 1353 rejicerentur.
1507 1309 1551 1320 —-
1567 1278 1618 1338 Tr.

306 1364 948 1448 ficerepossesorpuschristi2).‹-contra
975 1369 1114 1428 Moerum
1137 1364 1340 1446 simoniaeoal)
1367 1365 1403 1424 ad
1428 1366 1614 1426 Bernardum

306 1451 947 1537 pluresAbeilensis(Abaelardi)‹liscipulos
975 1459 1020 1516 ah.
1033 1451 1556 1536 claraevallensem(1aas-1312).
1572 1456 1619 1515 De

307 1546 429 1621 scripsit
451 1548 469 1604 Ι.
490 1547 531 1604 ud
546 1546 746 1605 Innocentium
762 1545 814 1621 11,
840 1545 872 1602 in
888 1563 947 1620 quo
975 1546 1142 1620 differentia
1158 1547 1240 1605 iuter
1254 1545 1395 1603 clericum
1411 1544 1574 1603 secularem
1584 1549 1619 1604 ct

307 1653 390 1711 prop.
420 1635 533 1693 refutat
563 1634 740 1702 ,Hominem
770 1635 806 1692 de
830 1633 948 1710 virgine
975 1637 1141 1712 regularem
1163 1635 1182 1696 l.
1213 1633 1381 1710 epistolaris
1411 1632 1447 1691 ad
1470 1634 1615 1693 Innocen-

308 1725 461 1799 sumptum
474 1741 533 1783 non
544 1741 606 1783 esse
616 1725 718 1793 Deum,
732 1723 780 1782 sed
790 1722 885 1798 ipsius
893 1720 947 1780 Dei
975 1725 1054 1783 tium
1069 1725 1106 1782 ll.
1131 1724 1163 1781 in
1187 1723 1281 1781 forme
1303 1722 1425 1800 dialogi,
1450 1722 1483 1780 iu
1506 1741 1617 1797 quase

308 1812 460 1889 singulare
499 1812 731 1884 habitaculum,‘
765 1811 818 1888 qui
848 1815 947 1870 tamen
976 1817 1080 1871 tuetur
1095 1813 1237 1871 adversus
1253 1813 1436 1871 aeounnres
1452 1811 1552 1887 ipsum
1568 1812 1617 1870 iu·

306 1901 405 1977 periit.
436 1901 544 1960 Contra
567 1902 640 1960 alios
663 1900 826 1978 discipulos
851 1901 946 1959 Abas·
975 1901 1177 1971 criminantes,
1193 1919 1262 1960 eum
1278 1899 1368 1959 nimis
1378 1917 1486 1977 urgere
1501 1900 1616 1977 obliga·

307 1989 382 2049 lardi
400 1990 522 2066 scripsit
537 2007 580 2064 ep.
597 1991 636 2049 ad
654 1989 781 2050 Ottouem
792 1989 817 2049 Ι.
833 2009 878 2065 ep.
893 1989 947 2047 fri·
975 1988 1616 2061 tionemclarieorumadvitamcommunem,

307 2079 486 2156 singensem,
508 2080 538 2138 in
555 2099 614 2156 qua
628 2084 733 2138 tuetur
749 2097 771 2138 s.
788 2079 945 2147 Hilarium,
974 2081 1102 2149 adeo-ut
1111 2079 1267 2138 canonicos
1276 2077 1427 2136 existimet
1435 2077 1616 2155 irregulares

306 2166 354 2226 cui
370 2169 492 2243 quidam
508 2169 673 2245 objiciebat,
696 2187 765 2228 eum
788 2167 947 2226 tradidisse
974 2167 1194 2228 etnisiadeam
1205 2168 1425 2237 musertentur,
1437 2167 1547 2226 salvari
1554 2187 1615 2226 non

307 2275 435 2333 ,corpus
451 2257 561 2316 Christi
583 2277 644 2317 non
667 2276 731 2316 esse
746 2257 946 2333 glorificatum
973 2275 1059 2333 posse
1075 2253 1189 2338 (lligne
1205 2256 1322 2323 exclv,
1338 2266 1567 2326 1375—14263
1583 2257 1615 2316 iu

305 2347 385 2405 ultre
397 2349 562 2405 ceterorum
573 2353 743 2405 sanctorum
753 2364 883 2421 corpore,
893 2363 947 2403 nec
974 2347 1038 2408 uc.
1069 2347 1090 2407 l.
1121 2363 1145 2404 c.
1175 2345 1230 2416 ΙΙΙ,
1264 2342 1460 2424 aot—239).
1492 2345 1618 2421 Propter

304 2435 465 2494 humanam
474 2436 505 2493 in
511 2435 627 2494 Christo
638 2439 773 2493 naturam
786 2435 947 2509 inaccepta
974 2436 1027 2493 has
1043 2435 1247 2494 accusationes
1257 2438 1289 2493 et
1297 2451 1366 2492 suas
1375 2433 1412 2492 de
1422 2435 1614 2493 sacramentis

304 2525 401 2601 gratia
417 2525 554 2583 excedere
562 2523 765 2583 excellentiam
784 2523 947 2598 cujuslibet
974 2522 1617 2598 schismaticorumetsimoniacorumopinio·

305 2612 433 2690 angeli‘
458 2647 500 2654 —
526 2613 569 2671 De
588 2613 719 2687 aedificio
735 2613 790 2670 Dei
815 2611 851 2670 ad
868 2612 945 2671 Ghu·
974 2632 1027 2672 nes
1035 2614 1155 2672 Romam
1167 2611 1317 2689 proiectus
1327 2613 1373 2670 est
1381 2611 1484 2689 ibique
1493 2612 1617 2689 publice

306 2720 414 2761 nonem
430 2720 474 2777 ep.
491 2702 725 2761 ratisbonensem
737 2702 835 2760 sende
846 2702 946 2760 studio
974 2701 1527 2779 disputavita.1133nonsineiruotu
1542 2702 1614 2761 Gom

305 2794 337 2848 et
352 2808 422 2849 cura
433 2868 434 2872 Ἰ
446 2791 622 2868 disciplinae
637 2791 859 2861 ecclesiasticae,
885 2808 946 2865 quo
975 2793 1111 2867 querelae
1126 2794 1157 2850 et
1171 2791 1375 2850 accusationes
1385 2808 1446 2849 non
1455 2798 1615 2861 cessarent,

304 2880 336 2938 in
362 2880 381 2937 Ι.
407 2874 459 2960 (ib.
483 2900 511 2955 p.
540 2888 761 2949 iias-1336,
788 2898 896 2957 magna
912 2898 946 2937 ex
974 2880 1167 2941 accelestino
1181 2881 1220 2938 ll.
1236 2879 1344 2939 iterum
1355 2880 1476 2939 Romam
1492 2883 1615 2939 vocatus

303 2972 387 3045 parte
412 2970 443 3025 in
461 2970 522 3027 llG.
539 2970 589 3030 lib.
606 2970 642 3028 de
658 2968 711 3026 lite
728 2968 780 3040 ΙΙΙ,
803 2977 944 3032 lae-202
975 2970 1042 3042 luit,
1060 2988 1119 3044 quo
1134 2969 1276 3028 defuncto
1291 2968 1402 3027 Lucius
1419 2969 1456 3029 ll.
1471 2969 1546 3027 duas
1561 2988 1616 3046 pro

974 3060 1039 3136 ipso
1054 3059 1176 3135 scripsit
1197 3058 1348 3133 epistolas,
1372 3076 1461 3116 uuam
1487 3057 1524 3117 ad
1539 3058 1615 3118 Cou-

973 3146 1615 3223 redumarchiepsalisburgensem,alteram

974 3237 1011 3295 ad
1027 3237 1192 3296 Romanum
1209 3254 1255 3311 ep.
1271 3253 1453 3313 gurcensem.

345 3284 363 3336 ¹l
378 3282 419 3332 lto
432 3280 493 3350 ipse
507 3280 537 3333 in
552 3280 677 3349 proemio
701 3280 842 3349 opusculi.
869 3278 945 3333 Cete-

303 3369 367 3405 rum
390 3351 443 3403 etsi
465 3351 625 3421 singularis,
647 3350 704 3404 imo
728 3352 800 3405 dure
823 3351 860 3403 sit
884 3352 945 3420 ejus

304 3422 441 3490 loquendi
455 3421 647 3487 ratio,tamen
669 3439 686 3475 a
709 3422 854 3476 communi
868 3422 946 3476 theo·
1019 3424 1070 3477 63.
1087 3413 1245 3489 Scripsisse
1270 3416 1423 3489 praeterea
1439 3412 1550 3471 dicitur
1564 3413 1616 3475 bb.

304 3494 442 3561 logorum,
467 3494 523 3547 iuro
545 3498 573 3546 et
592 3492 734 3547 Ecclesiae
755 3493 885 3548 doctrine
905 3511 945 3546 re·
972 3503 1113 3561 abbatum
1137 3502 1387 3561 fombaoensium
1410 3501 1569 3579 Berenpera'
1590 3510 1616 3559 et

304 3564 401 3617 cedere
416 3582 471 3618 uon
485 3566 606 3646 videtur,
627 3568 661 3619 ut
673 3582 737 3645 cuni
752 3582 774 3617 c.
789 3570 814 3621 6.
828 3566 945 3617 statuit:
981 3592 1140 3650 Wprntonis
1166 3590 1250 3650 033·
1275 3593 1349 3649 vim
1367 3584 1481 3672 (pigno
1511 3597 1533 3648 t·
1564 3592 1615 3652 cit·

306 3636 392 3692 „Cum
419 3652 484 3706 ergo
511 3636 581 3690 dicit
609 3638 780 3689 erictonius:
813 3636 878 3688 Non
904 3641 944 3688 est

303 3723 406 3775 corpus
421 3706 532 3771 Christi,
548 3708 624 3775 quod
638 3707 834 3761 schismaticus
845 3707 945 3759 eflicit:
971 3701 1000 3755 P·
1021 3675 1262 3762 1425-1444),
1279 3680 1497 3779 &ennium-“m
1513 3683 1615 3739 tamen

304 3776 579 3848 subintelligendum
605 3782 655 3843 est,
682 3780 823 3846 quantum
843 3778 877 3829 ad
906 3794 945 3830 ea·
974 3778 1084 3845 negant
1114 3769 1309 3828 Wattenbach
1341 3771 1373 3826 et
1403 3770 1526 3828 Riealer.
1574 3770 1616 3827 De

304 3848 433 3913 sentiam,
446 3853 542 3902 reniet
552 3849 743 3907 efficientiam.
758 3849 835 3916 quod
849 3851 945 3902 tamen
973 3858 1109 3917 Hmricip
1118 3858 1173 3917 IV,
1186 3860 1211 3915 et
1228 3858 1259 3918 ΙΙ,
1275 3858 1346 3933 imp,
1357 3860 1388 3916 et
1396 3857 1539 3934 Gregorio
1548 3858 1616 3921 VII,

303 3920 480 3989 specietenus
504 3924 532 3973 et
553 3922 813 3974 sacramentotenus
827 3919 882 3974 dici
897 3938 945 3989 pc·
1193 3948 1229 4005 ·s
1262 3947 1285 4005 ιι
1419 3946 1450 4005 ss·
1601 3980 1614 3992 ⁸

303 3994 359 4044 test
379 4004 506 4061 corpus.r
533 3990 692 4045 Fatendum
717 4007 782 4043 vero
802 3994 852 4055 est,
875 3992 944 4045 alibi
974 3943 1076 4029 (quem
1093 3966 1202 4006 summ
1228 3966 1271 4006 ⁰⁰²
1286 3944 1298 4029 i
1314 3965 1419 4005 mmm
1443 3966 1529 4023 mque
1545 3966 1601 4006 ⁰⁰¹²

303 4080 368 4116 oiim
381 4064 423 4115 ita
437 4062 524 4130 loqui.
547 4066 581 4115 ut
603 4063 734 4115 videatur
757 4078 848 4117 errare
870 4062 946 4115 circe
973 4034 1613 4136 sequ‘iniiblismmdfflnffi&ibusSd'ntflssmar

303 4134 471 4188 sacrificium
492 4132 600 4187 missae.
627 4135 670 4187 lta
690 4150 731 4188 ex.
750 4151 792 4201 gr,
806 4134 841 4187 de
854 4134 945 4203 gloria
973 4144 1008 4183 ex
1023 4129 1107 4201 parte
1123 4146 1140 4184 a
1155 4125 1293 4184 Gretsero
1308 4129 1339 4183 et
1349 4126 1499 4201 Mrgneib.
1516 4135 1613 4188 1443·

304 4218 330 4257 et
348 4206 454 4259 honore
470 4204 533 4257 Filii
547 4205 670 4258 hominis
684 4204 796 4259 scribit:
830 4204 887 4267 „En
900 4206 945 4259 his
974 4268 1097 4274 —.-
1118 4270 1133 4275 ..

303 4276 455 4345 colligitur,
477 4275 553 4343 quod
573 4276 603 4327 in
624 4276 748 4330 Ecclesia
768 4277 829 4330 sola
842 4293 945 4345 corpus

303 4346 406 4399 Christi
420 4349 625 4413 praesentatur,
646 4348 695 4400 ubi
716 4364 732 4399 a
752 4348 944 4401 sacerdotibus
1012 4355 1030 4412 Ι)
1045 4347 1206 4418 Prolognin.
1224 4348 1275 4417 qai
1300 4350 1380 4403 deest
1404 4349 1482 4419 apud
1509 4348 1614 4418 iligne,

303 4416 449 4471 catholicis
474 4417 557 4470 missa
580 4418 637 4471 ritu
660 4419 849 4472 ecclesiastico
875 4420 944 4472 cele·
973 4421 1000 4470 et
1022 4420 1233 4473 emendationes
1264 4421 1300 4473 ad
1331 4421 1409 4473 huno
1439 4425 1474 4475 tr.
1495 4438 1527 4471 ex
1552 4420 1613 4474 cod.

302 4490 409 4541 tratur.
436 4488 609 4556 inquorum
630 4490 772 4544 consortio
790 4507 847 4543 uon
862 4506 944 4559 repu-
972 4489 1087 4544 exbibet
1113 4490 1130 4543 J
1136 4490 1251 4544 alrsch
1276 4493 1308 4543 iu
1336 4491 1469 4545 Mittheil.
1495 4492 1544 4543 des
1569 4491 1614 4543 In·

302 4558 645 4615 tasitursiinoniacietsub
653 4560 944 4616 excommunicatione
972 4562 1058 4615 stitnt
1077 4564 1123 4615 ihr
1142 4561 1614 4619 osterntleschichtsforsch.1885.

302 4629 462 4683 interdicti·-
478 4636 529 4686 etc.
556 4631 629 4686 Hiuc
650 4632 734 4685 etium
755 4632 866 4685 delatus
887 4634 945 4687 fuit
975 4634 1018 4693 Vl,
1049 4638 1181 4690 tol-(59.
1217 4633 1333 4687 Librum
1363 4635 1459 4703 ipsum
1491 4636 1542 4686 sub
1573 4634 1614 4685 in·

302 4700 379 4769 apud
401 4702 526 4767 legatum
547 4703 705 4757 innocentii
719 4704 753 4757 ll.
774 4704 943 4759 Guslternm
972 4704 1126 4773 scriptione
1153 4709 1192 4758 Ile
1216 4725 1253 4775 eo,
1281 4708 1350 4775 quod
1375 4710 1504 4775 princeps·
1533 4708 1615 4772 bajus

302 4780 537 4829 ravennatensem
551 4775 682 4845 archiep..
697 4776 747 4843 qui
759 4780 853 4830 tannen
863 4792 943 4829 occu·
972 4779 1065 4830 mundi
1070 4780 1130 4842 jam
1137 4779 1278 4843 judicatus
1289 4780 1332 4840 eit,
1347 4776 1460 4830 exhibet
1475 4780 1514 4827 Su
1525 4776 1566 4829 ck
1576 4794 1616 4829 ur

302 4844 419 4897 sotionis
433 4845 573 4901 rstiouem
586 4864 643 4899 lion
658 4846 768 4901 habuit.
970 4848 1002 4899 iu
1016 4846 1079 4900 Mc.
1093 4846 1142 4901 lib.
1155 4848 1190 4899 de
1203 4848 1246 4900 lit.
1260 4846 1308 4912 lll,
1321 4852 1470 4904 alo-an.
