3542 5350
183 318 262 372 1021
485 300 529 357 Jo.
542 302 742 373 Argyropulus
753 305 783 358 et
796 302 936 374 Georgius
949 301 1188 373 Trapezuntinus.
1403 317 1486 375 1022

178 489 364 548 invasionem
380 487 498 565 fugiens
513 488 546 546 iu
561 489 677 548 Italiam
695 508 726 548 se
742 508 820 549 rece-
848 489 936 548 sliam
961 492 1143 549 convertens.
1175 488 1221 547 166
1243 488 1336 547 166166
1359 488 1449 547 vertit
1464 507 1486 547 s.

178 577 233 654 pit
250 577 396 638 AOosimo
405 577 442 635 de
449 577 556 637 Medici
571 578 754 638 Florentiam
769 599 820 640 vo·
848 578 989 656 cyrilli
1013 578 1188 637 thesaurum
1214 577 1277 636 sive
1292 579 1327 635 ds
1348 578 1488 635 trinitate

177 672 265 726 cetus
282 663 395 748 (1456)
411 665 820 743 nobilesdoonitjuvenesli·
847 670 876 727 a.
904 664 959 743 14,
989 668 1123 726 16611166
1154 666 1424 743 chrysostomi
1455 670 1487 725 in

178 762 258 816 teras
274 773 394 833 graecas
418 761 449 814 et
472 756 690 832 philosophiam
705 776 821 817 summa
849 756 1038 833 Martiarum,
1064 755 1246 832 Gregorii
1268 756 1391 832 nysseni
1412 756 1431 819 1.
1453 758 1488 815 de

178 845 313 905 omnium
329 844 622 920 admirationeatque
630 846 820 906 Aristotelem
846 849 906 906 vita
931 847 1048 923 Moysis,
1071 844 1216 904 Basilii
1241 846 1277 903 11.
1301 846 1365 905 lta
1387 852 1487 904 eontra

175 937 226 993 est
240 935 464 1009 interpretetus.
480 933 525 992 Ob
535 936 649 1009 pestem
658 935 691 993 in
700 935 821 995 Etruria
847 922 1035 1011 Eunomiam,
1053 933 1201 993 Eusebii
1215 935 1251 992 de
1261 936 1488 1010 praeparatione

177 1022 491 1101 grassantemltomam
506 1022 627 1082 transiit
639 1019 754 1108 (1473)
763 1025 820 1083 ibi·
847 1026 1006 1103 6666961166
1028 1024 1056 1085 u.
1083 1026 1143 1098 14;
1167 1024 1320 1083 historiam
1344 1042 1382 1082 aa.
1408 1024 1487 1082 Bor·

174 1132 237 1187 que
253 1111 455 1188 Thucydidem
470 1113 616 1187 exposuit,
635 1112 689 1172 ubi
705 1114 817 1172 Bouch-
847 1116 926 1174 16661
934 1122 959 1173 ei
968 1112 1122 1188 Josaptrat,
1133 1130 1208 1188 quae
1218 1116 1318 1171 tamen
1328 1112 1486 1183 versiones,

177 1201 271 1261 liuius
293 1218 362 1260 eurn
387 1200 485 1261 audiit·
500 1198 532 1284 (†
551 1198 817 1284 1486)·11666161)
846 1203 1020 1279 praesertim
1030 1202 1137 1260 borum
1152 1202 1278 1261 duorum
1287 1202 1487 1277 posteriorum

176 1290 351 1350 Aristotelis
375 1291 495 1349 atticam
510 1293 541 1350 66
551 1292 700 1365 politicam
716 1291 818 1363 latine,
847 1289 1487 1369 operum,meritogravitercsrpuntur.Ver·

177 1380 302 1440 Parisiis
322 1388 404 1443 1542
422 1379 504 1451 161.;
522 1380 654 1439 1111116616
671 1398 818 1441 commen·
846 1383 886 1441 tit
917 1382 1005 1441 etiam
1044 1380 1188 1455 quaedam
1219 1379 1486 1451 Aristotelis,

175 1470 263 1528 tariis
302 1468 476 1539 illustravit,
516 1468 682 1529 Florentiae
717 1479 817 1542 14873
848 1468 1413 1545 PtolomaeietPlatonisopera.
1447 1471 1487 1528 De

176 1558 273 1617 libros
305 1576 406 1617 omnes
437 1558 640 1634 philosophiae
670 1560 817 1618 naturalis
846 1579 901 1619 suo
918 1559 1037 1634 scripsit
1058 1558 1093 1616 de
1115 1564 1174 1615 acto
1191 1558 1329 1633 partibas
1348 1560 1488 1619 aristionis

173 1648 317 1707 Coloniae
337 1656 419 1709 1568
435 1647 519 1716 inf.;
543 1647 686 1708 disseruit
700 1650 736 1707 de
745 1667 818 1722 pro·
846 1648 1065 1726 compendium,
1096 1648 1304 1706 rhetoricamur
1327 1648 1355 1706 11.
1380 1650 1409 1723 5,
1435 1649 1487 1722 qui

173 1738 304 1796 66661666
327 1736 459 1809 Spiritus
482 1756 505 1795 a.
537 1740 568 1796 66
592 1737 708 1797 decreta
739 1756 818 1797 conc.
847 1735 1201 1807 laudantnraberuditis3
1218 1738 1487 1815 aurasiroioponsm

174 1825 338 1894 florentini,
364 1821 467 1901 gruere
491 1828 523 1883 et
545 1826 637 1885 latine
658 1827 690 1885 iu
713 1828 818 1886 Allatii
845 1829 958 1900 iudicia
976 1828 1146 1901 ploransque
1168 1826 1315 1899 fetaretur
1337 1828 1402 1896 666,
1427 1828 1486 1885 col-

173 1913 302 1973 Graecia
316 1913 431 1973 orthod.
447 1914 461 1972 I
479 1924 668 1985 too—41&
692 1916 819 1994 iligna
845 1917 921 1977 16666
944 1915 1079 1975 Coloniae
1107 1924 1205 1985 1544;
1237 1915 1488 1989 Comparationem

174 2003 284 2080 patrol.
301 2002 356 2060 ΡΡ.
372 2020 415 2079 gr.
432 1994 555 2075 cumn,
581 2014 746 2069 ael-roos
763 2009 818 2065 etc.
847 2006 979 2065 Platonis
995 2004 1203 2080 etAristotelie,
1220 2023 1280 2081 qua
1296 2005 1487 2063 Aristotelem

174 2126 221 2137 -
237 2092 427 2168 Georgius
449 2092 565 2169 origine
589 2093 707 2169 quidem
734 2096 819 2153 Tra·
847 2097 978 2165 Platone,
1009 2094 1059 2153 cui
1089 2093 1186 2151 multa
1215 2093 1325 2153 tribuit
1355 2092 1486 2164 crimine,

172 2180 427 2258 parentinus,
443 2182 540 2256 patria
553 2174 655 2241 66666
670 2184 818 2243 Cretensis
846 2186 937 2262 longo
952 2182 1111 2251 intervallo
1133 2181 1314 2257 superiorem
1337 2199 1402 2241 esse
1417 2199 1487 2241 con·

173 2290 203 2330 6.
225 2280 308 2334 1395
327 2267 467 2328 Venetiae
482 2272 567 2330 veuit
583 2275 673 2348 atque
688 2278 754 2332 666
771 2273 819 2332 hic
846 2274 953 2343 tendit,
975 2270 1109 2332 Venetiis
1136 2280 1228 2334 1523.
1260 2270 1338 2330 Haec
1361 2270 1487 2329 maxime

171 2364 242 2419 tum
260 2356 410 2417 Vicentiae
426 2361 492 2418 tum
506 2360 614 2419 166666
623 2361 725 2420 literas
735 2380 818 2439 grae-
847 2364 977 2441 pupugit
1007 2360 1221 2431 Bessarionem,
1253 2359 1306 2436 qui
1331 2364 1488 2437 propterea

171 2467 226 2509 cas
258 2447 369 2517 docuit,
402 2457 516 2508 necnon
539 2449 759 2527 philosophiam
789 2456 820 2509 66
846 2458 1033 2512 contraeum
1056 2449 1485 2527 66616616166616661616666

169 2536 418 2613 eloquentiam').
428 2538 622 2614 aliquamdiu
632 2541 727 2616 gratie
738 2540 817 2600 true-
847 2541 1012 2603 Piatoaiati.
1023 2541 1051 2617 4,
1061 2538 1093 2597 in
1101 2556 1160 2616 quc
1169 2558 1215 2615 op.
1224 2540 1354 2615 primum
1370 2538 1486 2615 eapien-

170 2628 269 2687 batur
283 2626 411 2704 Eugenii
426 2626 483 2699 lv,
501 2626 666 2700 NicolaiV,
683 2629 731 2689 661
747 2648 818 2689 sse·
846 2632 919 2692 tiam
944 2630 1079 2690 Platonis
1105 2632 1196 2707 atque
1220 2626 1393 2699 doctrinam,
1419 2646 1488 2687 mox

168 2717 268 2778 cretis
293 2715 389 2775 fuisse
412 2716 533 2788 dicitur,
557 2720 590 2776 et
604 2718 687 2778 Pauli
702 2719 749 2789 11,
766 2720 819 2795 qui
846 2722 1025 2798 scriptorum
1041 2721 1106 2795 ejus
1131 2737 1199 2778 cum
1219 2721 1329 2778 nostris
1345 2717 1486 2777 similitu·

171 2825 245 2866 eum
262 2805 475 2866 abbreviatoris
490 2825 614 2865 munere
623 2808 751 2867 donavit.
768 2809 817 2866 In·
846 2811 954 2880 dinem,
970 2813 1037 2869 tum
1053 2809 1231 2885 probitatem
1248 2826 1363 2867 morum
1380 2808 1487 2866 vitam-

167 2896 265 2974 genic
280 2895 340 2954 fuit
355 2895 422 2966 acri,
439 2895 549 2965 vivido,
566 2895 599 2955 in
615 2897 690 2956 elios
706 2897 817 2972 iniqui·
846 2919 906 2976 que
921 2899 986 2976 ejus
1002 2898 1226 2974 integerrimam
1246 2897 1382 2974 erponit3
1406 2901 1437 2955 66
1452 2899 1487 2955 66

169 3003 235 3046 ore.
250 2985 516 3060 Etpraeternuum
524 2985 721 3058 Aristotelem,
730 3006 817 3061 quem
845 2989 997 3049 inscitiam
1034 2986 1162 3047 hominis
1201 2987 1295 3064 magis
1333 2987 1487 3063 magisque

169 3075 241 3151 ipse
256 3073 353 3131 veluti
366 3075 694 3143 numenvenerabatur‚
705 3079 818 3136 ceteros
844 3078 1022 3155 propalaret,
1041 3086 1069 3140 5.
1084 3076 1104 3134 l.
1120 3075 1241 3146 addidit,
1257 3076 1289 3134 in
1304 3093 1364 3152 quo
1379 3075 1487 3150 Trape-

166 3181 289 3229 omnes,
306 3161 358 3220 sed
374 3162 527 3222 Platonem
543 3165 701 3240 praecipue
717 3165 819 3224 66666
845 3167 939 3226 nuntii
964 3167 996 3225 16
1026 3166 1271 3241 interpretatione
1295 3167 1327 3224 11.
1353 3163 1486 3222 Platonis

168 3251 320 3311 maledico
336 3250 511 3310 dilaceravit
524 3251 621 3312 dente.
647 3253 724 3312 Hinc
739 3254 818 3313 mul·
845 3256 936 3315 semel
951 3259 1042 3330 atque
1057 3255 1168 3314 iterum
1184 3255 1221 3312 ab
1237 3253 1340 3315 eodem
1350 3253 1431 3312 edita
1441 3272 1485 3310 er·

166 3345 278 3402 torum
302 3339 378 3411 odia,
404 3342 436 3399 et
461 3341 646 3401 8666616616
671 3343 818 3402 6616666
844 3363 928 3405 rores
959 3363 993 3404 ac
1019 3345 1123 3420 lapsus
1153 3343 1276 3422 colligit,
1314 3343 1427 3402 refutet
1457 3346 1487 3400 et

168 3431 204 3489 in
232 3449 264 3488 se
289 3430 457 3488 concitavit.
498 3430 655 3490 Praesidiis
684 3432 818 3508 undique
845 3434 992 3504 emendat,
1009 3433 1132 3492 adeant
1153 3432 1239 3510 plane
1264 3431 1410 3500 ostendat,
1427 3449 1487 3490 non

166 3539 229 3597 pro
245 3537 302 3576 sua
317 3519 538 3578 sustentatione
560 3520 597 3579 cb
620 3539 689 3580 suas
712 3521 818 3580 simul·
845 3523 978 3598 potuisse
994 3541 1062 3582 eum
1085 3521 1121 3582 de
1145 3522 1200 3581 tali
1217 3521 1390 3598 philosopho
1404 3519 1485 3595 judi-

164 3613 253 3668 tates
278 3608 424 3667 literarias
447 3608 618 3668 interclusis
642 3609 751 3668 misere
774 3610 818 3668 vi·
846 3613 924 3672 cium
940 3612 1024 3681 ferre,
1042 3631 1129 3687 quem
1145 3611 1267 3672 minime
1290 3610 1485 3680 intellexerit;

164 3703 236 3758 tam
253 3716 342 3774 agere
357 3699 475 3756 6666666
499 3701 551 3757 666
583 3697 619 3756 16
643 3703 747 3760 exacta
771 3718 817 3758 se·
845 3705 876 3760 66
891 3705 928 3760 66
943 3701 1104 3760 accuratior
1120 3703 1151 3759 et
1166 3701 1332 3760 absolutior
1348 3700 1486 3759 tractatio

165 3790 300 3847 6666666
324 3804 538 3862 repuerascens
554 3791 585 3844 et
600 3788 744 3847 memorie
766 3788 817 3847 de·
844 3790 949 3849 baberi
965 3793 1072 3867 posset,
1098 3789 1330 3866 disputationem
1353 3807 1437 3848 suem
1453 3791 1487 3848 de

164 3875 301 3956 perdita,
317 3875 349 3933 16
364 3875 439 3934 urbe
456 3877 537 3935 solus
553 3875 663 3935 detrito
679 3877 711 3935 in
727 3877 816 3954 pallio
845 3887 955 3940 tesauro
985 3885 1010 3937 et
1041 3885 1103 3937 arte
1141 3879 1253 3938 multos
1291 3881 1360 3938 ante
1394 3897 1487 3940 annos

162 3967 306 4044 pileatus
335 3968 367 4023 66
396 3965 508 4024 nodoso
538 3965 668 4041 scipione
694 3965 818 4042 jamjam
846 3969 988 4044 scriptam
1019 3967 1051 4026 in
1088 3967 1215 4027 eundem
1246 3968 1485 4044 Trapezuntium,

164 4053 289 4115 ruituri
327 4054 457 4130 corporis
494 4055 626 4113 membra
659 4055 817 4114 sustinens
845 4076 913 4118 666
921 4058 957 4115 ad
966 4059 1128 4132 utrumque
1136 4057 1346 4134 philosophum
1354 4057 1487 4132 quaestio

159 4143 336 4205 oberrabat
351 4139 383 4225 (1
402 4150 484 4207 1484
498 4143 586 4218 juxta
600 4144 674 4202 alios
697 4153 780 4208 1486
792 4164 816 4202 6.
845 4146 899 4207 1116
914 4147 1087 4224 pertineret,
1106 4143 1280 4228 adjunxitl).
1303 4146 1381 4205 Aliis
1398 4148 1486 4205 omis·

161 4237 263 4294 natue
279 4232 342 4291 iere
359 4226 426 4314 91).
443 4231 568 4310 Scripsit
575 4236 704 4308 utraque
713 4233 819 4310 lingua

163 4323 286 4402 partim
302 4320 339 4380 (16
353 4339 417 4391 666,
433 4321 541 4397 partim
558 4340 592 4380 ex
603 4322 818 4400 unalinguain

885 4373 904 4442 ¹)
918 4369 960 4424 Cf.
974 4368 1009 4422 de
1023 4369 1076 4423 hac
1089 4369 1282 4424 controversia
1294 4370 1459 4424 'liraboscbi
1467 4371 1487 4424 1.

844 4458 867 4498 6.
888 4459 916 4500 n.
937 4445 979 4497 17.
999 4459 1020 4494 s.
1041 4439 1259 4497 Theodorus
1280 4441 1384 4506 Gaza,
1404 4443 1486 4512 cujus

209 4516 231 4582 ¹)
243 4509 289 4564 Ct'.
302 4508 532 4580 Hergenroether
550 4507 607 4562 KL.
626 4509 750 4570 161616
773 4510 818 4564 Ti·
845 4529 948 4566 nomen
963 4513 994 4566 in
1008 4512 1060 4566 hac
1081 4513 1274 4568 controversia
1291 4514 1377 4567 etiam
1392 4525 1486 4568 occur-

159 4579 307 4638 rabosebi
319 4579 358 4634 Vl
372 4599 401 4651 p.
415 4585 430 4637 1
443 4580 462 4634 1.
475 4585 491 4636 2
505 4597 528 4641 c,
542 4585 559 4637 2
573 4598 601 4636 n.
613 4585 631 4638 9
644 4598 695 4642 ss.;
721 4581 816 4637 Fabri·
844 4583 892 4648 rit,
906 4585 1002 4637 stabat
1013 4587 1138 4652 quatuor
1151 4585 1264 4656 scriptis
1275 4601 1326 4654 pro
1335 4584 1486 4640 Aristotele

158 4655 232 4710 cius
244 4651 322 4706 Bibl.
335 4667 453 4722 8666666
466 4651 500 4717 Χ,
512 4657 567 4709 426
579 4669 614 4706 se.
844 4654 1092 4724 impugnabatque
1113 4653 1240 4710 Platonis
1260 4655 1417 4726 opiniones,
1437 4657 1486 4710 sed

204 4729 230 4798 ²)
244 4723 289 4780 Gt.
309 4721 345 4776 de
363 4723 428 4792 ipsc
441 4722 561 4788 Querini
580 4723 695 4779 dietrib.
715 4723 753 4778 ad
772 4740 817 4794 cp.
844 4726 971 4780 modeste
984 4729 1135 4796 etpacatc.
1158 4727 1248 4797 Capta
1261 4743 1279 4780 a
1291 4727 1390 4780 'l'urcie
1403 4728 1486 4782 ’11666-

159 4797 291 4852 Bar-bar.
298 4813 327 4866 p.
335 4799 384 4853 76:
398 4793 535 4864 Apzeno
544 4794 610 4852 diss.
620 4796 697 4849 Voss.
706 4797 739 4850 ll.
748 4813 775 4865 p.
785 4803 817 4856 12
844 4796 972 4851 salonica
985 4798 1046 4866 ejus
1060 4797 1486 4871 66616111101161661166666-

158 4865 340 4925 'l'iraboschi
353 4865 402 4922 VI.
414 4883 444 4936 p.
457 4871 482 4923 1.
496 4866 515 4922 l.
525 4871 552 4923 2.
565 4883 589 4922 6.
601 4871 619 4923 2
632 4885 661 4921 6.
674 4871 708 4924 18
721 4883 755 4920 ss.
844 4867 922 4938 fugit
934 4869 1114 4938 multumque
1128 4871 1303 4936 6666611666
1316 4869 1444 4922 studium
1458 4873 1486 4922 et
