3542 5350
306 301 366 357 579
459 287 644 342 1326-1350.
659 283 786 338 Historia
798 282 899 353 partia.
914 282 1056 346 l'rivetns,
1069 278 1168 346 Adam,
1181 278 1313 343 Thomas,
1327 278 1455 342 anscm,
1548 295 1564 347 5
1569 295 1605 350 gp

304 472 414 531 Douaia
437 471 557 532 Tolosae
578 480 670 533 1894.
702 469 847 529 Chronica
870 486 943 528 suae
969 467 1167 547 persequitur,
1194 466 1237 525 ita
1259 469 1361 525 umen
1381 473 1418 526 ut
1440 468 1607 544 pontificum

303 561 444 620 dioecesis
461 560 638 628 lodovensis,
655 577 745 635 quam
755 558 944 618 concinnavit
970 565 1001 617 et
1017 559 1232 638 imperatorum
1253 573 1302 614 res
1317 573 1483 633 regumque
1498 558 1608 617 Galliae

302 669 371 709 cum
381 651 572 719 documentis,
589 648 711 724 periisse
727 647 861 718 videtur;
877 648 943 723 ejus
971 648 1149 724 plerumque
1158 645 1296 714 conferat,
1307 648 1339 703 et
1347 650 1430 720 gesta
1440 646 1488 705 881
1497 647 1608 705 ordinis

304 739 447 816 synodale
471 739 531 797 luci
555 737 691 814 publicae
716 737 835 796 demum
860 735 942 795 dedit
970 755 1024 813 per
1046 735 1184 811 Angliam
1207 733 1368 810 diligenter
1384 739 1493 794 narret.
1518 736 1609 796 Acca·

303 829 413 887 Donais
429 828 460 886 in
476 828 495 889 l.
514 827 559 886 Uu
575 825 775 886 nouvel’ecrit
790 825 826 884 de
841 827 875 888 Β,
885 824 944 883 (aui
971 835 1035 884 rate
1051 825 1179 900 deniqne
1194 822 1506 898 prodieruntLondlni
1520 835 1608 889 1845.

302 918 326 975 le
351 917 477 994 Synodul
495 917 530 974 de
557 916 673 992 Lodtve,
700 915 821 974 Parisiis
852 923 943 977 1894.
972 915 1044 974 Cum
1067 917 1171 973 nostro
1194 919 1314 971 anctore
1337 911 1431 971 edidit
1452 917 1523 972 Ant.
1540 915 1609 974 Hal·

302 1006 477 1082 Disputavit
493 1024 612 1083 quoque
634 1006 669 1064 de
684 1004 813 1082 Virginis
828 1021 942 1078 coraep·
970 1000 1272 1063 liusetiamhdsmi
1289 1001 1611 1063 hlurimuthensis

302 1095 376 1154 tione
392 1096 410 1156 1.
426 1097 463 1154 81
477 1095 596 1154 videtur·
611 1093 751 1154 ineditus.
971 1092 1155 1169 (Miremuth,
1179 1085 1357 1172 ltprimuth)
1381 1091 1413 1150 0.
1431 1093 1498 1151 (list.
1515 1093 1611 1152 londi-

971 1176 1612 1264 8888188881881888.Ρ881188888181(11347)

349 1282 421 1338 298.
460 1273 646 1332 Nicolaus
677 1271 862 1331 'Privatus
895 1266 945 1349 (de
971 1273 1125 1330 chronicon
1147 1271 1211 1328 sive
1227 1268 1382 1327 historiam
1406 1271 1456 1329 sui
1469 1272 1611 1347 temporis

303 1363 439 1432 Trcseth,
471 1362 609 1433 Treveth,
639 1355 754 1442 Trivst)
783 1360 815 1422 0.
841 1359 943 1417 Praed.
971 1361 1033 1419 sive
1056 1359 1176 1418 annales
1205 1376 1306 1417 rerum
1330 1359 1551 1434 anglicanarum
1576 1361 1612 1420 ab

302 1453 428 1528 Auglus,
450 1450 642 1509 Nervicensis
664 1467 692 1507 n.
710 1449 784 1508 circe
804 1467 829 1506 a.
849 1457 942 1520 1258,
971 1469 997 1512 a.
1023 1458 1205 1518 1392-47,
1231 1447 1268 1506 ab
1292 1447 1351 1506 alio
1374 1451 1495 1508 auctore
1518 1451 1613 1509 conti·

303 1541 424 1602 Oxoniis
434 1539 637 1616 philosophiae
652 1542 683 1597 81
696 1537 941 1614 theologieeope·
971 1541 1079 1598 nuntos
1095 1537 1132 1596 ad
1142 1557 1167 1600 e.
1183 1545 1281 1607 13803
1298 1535 1612 1607 18811811846188,

302 1649 365 1688 ram
376 1628 466 1695 dedit,
484 1631 515 1687 81
529 1631 686 1704 postquam
702 1628 754 1686 has
771 1626 944 1702 disciplinas
971 1629 1003 1686 in
1019 1626 1131 1703 quibus
1146 1627 1235 1685 etiam
1255 1644 1332 1701 quae
1348 1627 1380 1684 in
1395 1626 1477 1686 curia
1492 1645 1615 1687 romana

303 1718 487 1795 aliquamdiu
512 1718 591 1794 apud
617 1735 686 1777 suos
711 1720 758 1776 eet
782 1715 942 1791 protessus,
972 1717 1164 1793 contigerunt
1193 1714 1380 1784 referuntur,
1412 1733 1483 1775 cura
1512 1717 1613 1776 Thom.

302 1827 357 1884 pro
373 1807 514 1882 temporis
531 1825 611 1865 more
627 1805 756 1865 Parisios
772 1805 881 1863 missus
898 1809 945 1863 ast
971 1806 1054 1883 H0g3
1070 1824 1137 1864 cum
1154 1804 1220 1864 aliis
1235 1805 1427 1862 interranum
1444 1805 1514 1864 brit.
1526 1807 1616 1866 medii

303 1895 507 1973 perficiendus,
531 1895 635 1955 Oxonii
656 1897 756 1954 181888
778 1893 945 1970 promeruit
972 1893 1614 1965 888188.8.93.,11,1889881181188818

303 1985 467 2062 magisterii
488 1983 614 2060 gradum
637 1980 666 2066 (1
686 1983 790 2058 1328).
814 1981 944 2059 Insignis
971 1984 1149 2059 Thompson.
1180 1982 1407 2041 -Thomas
1438 1983 1615 2044 (thester-

203 2106 208 2113 ·
302 2079 367 2135 erat
385 2076 496 2144 rhetor,
519 2075 615 2150 potta,
638 2072 805 2142 historicus,
829 2072 943 2131 mathe-
971 2073 1053 2132 feld
1080 2067 1281 2153 (chestertan)
1312 2072 1473 2131 canonicus
1497 2073 1615 2132 lichfel-

302 2162 848 2238 maticns,philosophusettheologns
859 2179 942 2220 snae·
972 2156 1197 2244 88881811347)
1215 2160 1336 2236 collegit
1351 2163 1453 2220 seriem
1468 2165 1615 2239 episcopc-

302 2271 360 2329 que
370 2252 546 2312 eruditionis
562 2269 650 2327 quam
661 2251 806 2327 plurimos
815 2249 945 2310 ostendit
971 2269 1039 2311 runs
1062 2250 1301 2310 coventrensium
1323 2253 1354 2308 st
1374 2251 1618 2312 lichfeldensium

302 2344 428 2401 fructus.
454 2340 491 2399 ad
517 2359 590 2415 quos
616 2340 833 2417 componendos
857 2339 944 2398 loan-
971 2339 1087 2417 adjecta
1101 2340 1231 2399 historia
1245 2339 1387 2398 ecclesiae
1402 2340 1439 2398 81)
1454 2359 1478 2402 a.
1496 2351 1561 2405 658
1579 2341 1618 2401 ad

302 2449 355 2489 nes
378 2429 468 2489 XXII.
492 2429 695 2505 suppeditavit
717 2447 867 2505 expensas,
892 2428 945 2504 qui
973 2447 1027 2489 sua
1035 2433 1178 2505 tempora,
1194 2447 1284 2504 quam
1294 2426 1389 2486 edidit
1399 2428 1545 2489 Whartan
1556 2435 1618 2490 An-

302 2539 410 2594 magna
424 2537 458 2577 cx
475 2521 559 2592 parte
575 2521 752 2577 manserunt
766 2517 881 2577 inediti.
898 2517 945 2575 Ita
971 2519 1049 2595 gline
1065 2536 1163 2577 sacrae
1173 2515 1195 2588 Ι,
1215 2524 1278 2580 423
1288 2534 1326 2579 ss.
1342 2549 1386 2563 -
1397 2517 1444 2577 Ad
1460 2519 1619 2580 historiam

302 2607 512 2666 commentaria
526 2605 558 2664 in
573 2607 675 2683 plures
690 2607 721 2666 ll.
733 2607 766 2665 V.
781 2607 823 2675 T,
840 2607 870 2664 in
888 2607 943 2664 Ge·
972 2607 1109 2667 ecclesiae
1134 2606 1290 2666 lundensis
1321 2611 1460 2684 spectant
1489 2612 1621 2669 actiones

302 2697 407 2767 nasim,
433 2695 575 2766 hrodum,
599 2690 774 2767 Leviticum‚
801 2696 830 2755 ll.
856 2697 942 2755 Para·
972 2699 1158 2757 8888888νὶ88
1172 2697 1256 2756 Rrici
1277 2699 1353 2774 regie
1374 2697 1491 2757 Daciae
1512 2708 1540 2757 a
1562 2700 1619 2760 Jo-

302 2786 473 2862 lipomanon
489 2788 559 2855 etc.;
583 2785 619 2844 de
642 2792 779 2862 computo
796 2786 943 2845 Hebraeo·
972 2789 1059 2846 annis
1085 2787 1191 2845 &aad
1220 2785 1430 2863 archiepiscopi
1460 2788 1621 2849 lundensis

302 2894 383 2945 rum;
401 2878 433 2933 in
448 2876 512 2933 118.
525 2876 682 2951 Augustini
697 2876 732 2933 de
748 2874 867 2933 Ciuitate
878 2874 943 2950 Dei,
973 2872 1003 2955 (†
1025 2877 1120 2953 1327)
1136 2893 1234 2934 coram
1249 2874 1332 2934 curia
1355 2879 1386 2933 et
1408 2876 1477 2936 sede
1492 2896 1620 2937 romana

302 2965 355 3040 qui
371 2964 602 3023 commentarius
618 2962 817 3040 distinguitur
833 2982 850 3021 a
865 2981 944 3022 com·
972 2966 1129 3025 institutae
1152 2983 1179 3029 8.
1207 2972 1393 3040 1296--99,
1418 2984 1494 3041 quae
1518 2967 1622 3027 edidit

301 3054 580 3113 menterio'l'homae
590 3052 745 3112 Walleusis
763 3049 848 3135 (81.8.
858 3055 943 3126 563),
972 3053 1505 3131 118888188118188888818881188.
1522 3067 1619 3120 1786.

300 3143 332 3201 18
348 3145 461 3219 priores
483 3143 699 3205 uallantem.
721 3142 880 3217 Nunquam
897 3142 942 3201 in·
973 3144 1021 3215 VI,
1041 3151 1223 3206 275--372

300 3236 385 3308 teger
418 3232 539 3307 prodiit,
571 3231 623 3290 sed
652 3250 687 3289 ex
712 3231 823 3289 Triveti
855 3249 945 3305 opere

300 3320 943 3384 notariorumiudustriacommentariusl'h,
1018 3331 1090 3384 299.
1106 3320 1125 3378 J
1133 3338 1275 3379 oannes
1290 3320 1517 3380 Hocsemius
1535 3322 1622 3404 (itan

301 3410 454 3470 Walleusis
477 3409 642 3485 completus
659 3410 734 3475 fuit:
758 3412 873 3466 etcum
890 3409 945 3469 hoc
971 3412 1035 3470 loco
1058 3410 1227 3469 nativitatis
1252 3409 1285 3468 in
1307 3409 1409 3486 Belgio
1431 3412 1623 3497 appellatus)

301 3500 517 3575 complemento
531 3499 644 3575 prodiit
661 3497 831 3575 Mogontiae
847 3507 943 3569 1473;
970 3519 999 3559 n.
1018 3508 1111 3563 1278.
1133 3499 1229 3557 literis
1243 3500 1354 3574 optime
1373 3498 1533 3559 institutus
1552 3504 1624 3578 juri

301 3588 421 3647 Tolosae
435 3598 530 3658 1488;
547 3587 679 3647 Venetiis
697 3596 785 3655 1489,
803 3587 943 3662 Friburgi
970 3588 1145 3665 praesertim
1176 3588 1259 3646 dedit
1283 3606 1409 3664 operam.
1448 3589 1623 3651 eanonicus

305 3685 403 3743 1494ς
428 3696 495 3735 cum
518 3694 565 3753 op.
589 3696 612 3737 s.
631 3677 793 3753 Augustini
811 3677 943 3735 Basileae
970 3678 1068 3737 tactus
1083 3681 1130 3736 eet
1140 3677 1298 3736 leodiensis
1314 3680 1345 3735 81
1354 3678 1543 3753 praepositus
1554 3683 1623 3741 col·

305 3770 458 3828 1515818.
482 3766 517 3823 Ι8
533 3766 564 3823 11.
581 3766 617 3825 de
633 3766 830 3825 consolatione
846 3764 940 3840 philo·
971 3766 1098 3844 legistae
1128 3766 1266 3825 ecclesiae
1297 3784 1319 3824 s.
1345 3766 1427 3825 Petri
1452 3767 1625 3846 legumque

301 3854 419 3930 sophiae
429 3854 546 3914 Boethii
564 3855 780 3922 commentaria
798 3855 833 3913 de
845 3854 943 3915 officio
970 3857 1033 3932 egit
1048 3856 1250 3931 professorem.
1274 3854 1347 3913 Cum
1358 3855 1438 3931 J'uris
1452 3855 1626 3919 admodum

300 3944 409 4002 missae
425 3943 456 4000 11.
475 3954 490 4004 7
510 3961 564 4001 888
580 3945 733 4019 speculum
751 3942 940 4011 sacerdotale,
970 3949 1049 4004 88881
1064 3948 1214 4021 expertus,
1238 3945 1271 4003 in
1286 3945 1415 4019 negotiis
1436 3946 1573 4021 publicis
1591 3953 1627 4009 81

299 4032 473 4107 quodlibeta
487 4032 660 4107 theologica.
685 4034 814 4091 Annales
829 4033 866 4091 ab
882 4032 942 4091 cri·
970 4034 1170 4110 legationibus
1192 4052 1247 4108 pro
1262 4033 1341 4093 bono
1362 4034 1479 4109 patriae
1494 4040 1625 4113 saepius

300 4122 369 4198 gina
392 4120 496 4179 mundi
520 4140 617 4195 usquc
641 4120 678 4179 ad
704 4141 791 4180 suum
814 4126 942 4197 tempus.
970 4122 1030 4181 fuit
1040 4123 1192 4181 adhibitus
1208 4126 1239 4180 et
1255 4122 1355 4181 avitis
1371 4140 1503 4183 summae
1514 4125 1626 4203 digni·

300 4212 429 4271 Anactes
451 4228 550 4286 regum
575 4209 622 4281 (6)
647 4211 770 4287 duplice
795 4210 941 4288 (1136-
969 4213 1042 4271 tatis
1066 4212 1232 4271 consultus.
1265 4211 1418 4288 Intrepide
1443 4214 1531 4273 stetit
1563 4236 1627 4292 pro

304 4297 409 4376 1307),
427 4298 478 4373 qui
493 4298 677 4358 acomitibus
688 4299 943 4375 andegavensibus
965 4302 1086 4376 juribus
1101 4300 1225 4377 capituli
1249 4304 1279 4359 et
1298 4319 1352 4375 pro
1367 4302 1445 4361 bono
1461 4307 1627 4365 corumuui

300 4406 383 4447 snam
398 4390 558 4469 *traxerunt
573 4390 727 4466 originem,
750 4408 857 4465 magne
873 4388 940 4447 dili·
971 4388 1003 4471 (†
1013 4401 1039 4452 9.
1049 4390 1111 4451 Oct.
1127 4386 1229 4471 1348).
1240 4389 1496 4467 Praetendigitum
1506 4392 1628 4454 tlorum

299 4478 402 4555 gentis
416 4477 573 4553 compilati,
589 4480 619 4537 in
643 4478 823 4537 Dacherii
847 4478 941 4553 spicil.
970 4480 1128 4555 utriusque
1140 4480 1220 4554 juris
1237 4478 1294 4538 sub
1304 4477 1406 4538 ordine
1416 4480 1627 4555 alphabetico,

299 4566 378 4637 Vlll,
404 4575 578 4631 411-728
602 4586 655 4626 888
677 4571 698 4626 t.
722 4566 775 4638 ΙΙΙ,
801 4576 863 4629 239
887 4585 941 4637 88.;
971 4574 1001 4626 81
1023 4568 1110 4628 flores
1134 4572 1287 4627 auctarum
1313 4571 1344 4627 et
1364 4568 1629 4645 philosophorum

299 4656 513 4715 emendatiores
538 4676 608 4715 cura
632 4659 700 4715 Ant.
729 4656 803 4729 Hall,
836 4656 940 4715 Oronii
971 4654 1108 4737 (inedita)
1131 4659 1267 4716 accurate
1283 4658 1405 4734 collegit
1418 4659 1582 4719 tvislon-iam
1600 4672 1630 4723 et

307 4756 395 4817 1719,
419 4764 484 4805 cum
510 4746 734 4805 continuatione
759 4754 858 4814 17223
882 4764 942 4820 quo
970 4766 1016 4805 res
1028 4755 1124 4822 pectas
1133 4746 1304 4822 pontificum
1314 4745 1626 4831 leodiensiumssus

299 4835 330 4893 in
353 4853 440 4910 apere
464 4838 549 4909 gesta
571 4835 726 4910 anglicane
749 4834 942 4909 potissimum
969 4833 1124 4917 -1348),
1147 4853 1224 4911 8888
1247 4836 1363 4913 insigne
1386 4840 1417 4895 81
1439 4838 1627 4913 pretiosum,
